3386 5414
777 259 794 286 ἱ

533 470 560 542 ι.
584 467 633 532 aa·
669 468 856 550 sturnus
876 471 1131 552 armatas.¹
1251 557 1256 580 ι
1372 483 1427 542 sas

177 606 254 666 Item
277 617 348 684 post
373 601 566 670 meridiem‘a
589 609 697 674 balneo
718 614 869 674 cathedris
892 617 1109 688 consederunt.
1132 617 1245 678 ‘deindo
1266 619 1279 677 ll
1301 621 1428 676 untias

175 703 286 759 lautis.
299 740 409 762 .....
422 708 571 766 cenatoria
597 705 664 766 alba
686 703 895 785 sumserunt,
923 723 962 772 et'
974 714 1007 772 in
1028 693 1248 774 triclinia-iius
1268 713 1444 798 discuhus-x
1496 701 1497 708 ἵ

176 807 265 866 ruat,
293 808 324 855 et
337 797 452 874 epulati
472 811 558 858 sunt:
586 803 658 862 item
675 797 800 880 poeri‘l
830 812 946 877 ingenus·
964 809 1087 880 patrimi
1104 809 1301 878 etmatrimi,
1330 799 1437 868 sami-

175 900 277 948 torum
301 891 385 960 Filii,
414 913 539 952 numero
558 895 627 953 1111.
656 899 688 954 iu
713 889 863 956 cathedris
886 900 1088 958 consederunt
1117 913 1147 958 et
1168 903 1280 978 epulati
1301 913 1382 959 sont.
1411 901 1424 961 I

175 985 296 1038 Fratres
318 986 444 1044 Arvales
467 999 536 1064 post
562 990 663 1065 epulas
687 1009 779 1068 super
803 991 948 1068 toralibus
977 997 1168 1074 segmentatis
1198 979 1441 1064 discubuerunt.¹

176 1087 207 1136 ct
237 1090 321 1150 turc,
357 1083 428 1140 vino
457 1083 613 1152 focerunt,
655 1096 685 1142 et
716 1105 771 1163 per
802 1106 913 1164 pueros
946 1100 1167 1164 praetextatos,
1206 1089 1219 1149 1
1254 1092 1427 1150 Senatorum

174 1171 285 1242 Filios,
320 1185 350 1234 et
378 1173 518 1236 Publicos
548 1177 585 1236 ad
612 1178 707 1237 Aram
734 1182 941 1256 pertulerunt,
974 1194 1004 1241 ct
1036 1195 1204 1262 unguenta,
1239 1194 1268 1242 et
1296 1199 1426 1246 coronas

175 1279 358 1344 acceperunt
381 1281 410 1326 et
433 1274 463 1328 in
485 1269 621 1330 biauteIIs
644 1273 656 1331 11
672 1273 830 1346 framenta
852 1295 959 1334 rursus
984 1281 1184 1354 contigerunt.
1225 1277 1300 1336 Item
1322 1296 1426 1336 mensa

175 1361 307 1420 secanda
329 1361 522 1424 hellariorum
548 1367 644 1424 divisa
672 1379 733 1435 cst,
755 1379 797 1426 ¹et
822 1361 973 1444 sportulas
1001 1383 1182 1447 acceperuut
1204 1370 1384 1430 Sacerdotes
1410 1371 1424 1432 1

174 1455 370 1548 Imperatoris
402 1459 503 1536 Augu,
538 1471 567 1518 et
599 1465 691 1519 ceteri
723 1462 922 1532 Sacerdotes,
960 1467 1010 1544 qai
1041 1467 1241 1542 suprascripti
1273 1477 1363 1532 suut,
1386 1463 1428 1524 ‘at

174 1567 279 1608 rosam
298 1553 424 1610 solutam
444 1554 621 1623 dlviseruut,
643 1553 742 1634 ibique
760 1557 976 1617 FELICITER
992 1559 1142 1616 dixerunt.
1183 1559 1257 1616 Item
1274 1559 1343 1617 1111.
1358 1559 1425 1619 Ital„

173 1635 278 1704 Iunias
303 1645 316 1704 ΙΙ
340 1648 371 1704 in
392 1647 475 1710 Luco
501 1649 582 1706 Deae
605 1650 679 1707 Diae
699 1640 835 1708 'Alienios
855 1653 1015 1711 Avitianus
1041 1653 1245 1732 Promagister
1267 1653 1305 1712 ad
1331 1655 1425 1712 Aram

174 1741 340 1799 immolabit
357 1743 499 1819 porcilias
524 1743 691 1820 piaculares
711 1744 749 1802 11.
768 1744 843 1803 Luci
862 1747 1058 1824 solimorum,
1075 1760 1117 1807 ‘et
1137 1749 1236 1826 operis
1253 1749 1265 1808 ll
1281 1748 1423 1817 metandi.

173 1831 216 1892 ibi
236 1851 358 1893 vaccam
380 1837 572 1895 honorariam
598 1839 776 1907 iuuuolavit,
806 1852 835 1896 et
856 1840 926 1897 iude
953 1843 984 1899 ιιι
1009 1840 1167 1916 tetrastylo
1192 1859 1333 1900 reversus
1353 1840 1436 1900 sub·'

173 1929 267 1988 selliis
291 1930 444 2001 consedit,
474 1932 579 1990 deinde
603 1951 743 1990 reversus
768 1932 806 1991 ad
829 1934 923 1991 Aram
942 1933 954 1992 ll
976 1945 1060 1992 extas
1083 1935 1213 1994 reddidit
1234 1935 1424 2011 porciliarest

173 2023 250 2082 Item
272 2025 303 2082 io
322 2025 429 2095 Circo,
457 2028 488 2083 in
511 2027 609 2085 ioculo
628 2039 770 2105 argenteo
794 2029 899 2104 cespiti
925 2039 1033 2086 ornato
1055 2031 1163 2087 estam·
1176 2032 1331 2088 vaccinam
1354 2029 1425 2106 red-

148 2117 266 2188 adidit,
301 2131 331 2176 ct
358 2121 393 2176 iu*
420 2119 577 2195 tetrastylo
611 2125 623 2178 11
654 2139 796 2178 reversus
820 2133 882 2191 est,
917 2134 947 2180 et
968 2124 999 2182 in
1022 2122 1125 2180 codice
1151 2125 1247 2190 cavit,
1283 2133 1312 2180 ct
1334 2141 1425 2198 prae-

172 2223 286 2270 textam
304 2214 452 2294 deposuit,
475 2225 504 2272 et
526 2217 558 2271 in
571 2215 721 2295 papilione
745 2235 800 2272 suo
819 2233 960 2274 reversus
983 2213 1062 2292 (set.)
1095 2216 1281 2274 Promeridic
1297 2215 1424 2276 autcml

172 2307 297 2367 Fratres
322 2306 451 2366 Arvales
476 2320 651 2384 praetextas
678 2321 876 2386 acceperant,
905 2322 935 2369 et
957 2311 989 2368 in
1017 2309 1175 2385 tetrastylo
1203 2321 1422 2378 convenerunt,

173 2412 204 2459 ct
222 2399 372 2460 subselliis
392 2396 609 2473 consederunt,
637 2415 667 2462 ct
685 2416 829 2462 caverunt
854 2404 866 2462 1
892 2423 924 2462 se
947 2404 1094 2473 adinissc,
1117 2415 1147 2462 et
1166 2422 1286 2463 sacrorn
1304 2405 1423 2472 fecisse,

172 2505 204 2554 et
231 2497 374 2572 porcilias
400 2498 567 2573 piaculares
596 2497 707 2574 epulati
732 2509 820 2568 suut,
849 2509 879 2557 et
906 2517 1059 2576 unguem.
1107 2497 1214 2556 Postea
1241 2498 1309 2556 inde
1336 2515 1425 2575 prae·

160 2593 279 2656 ¹textati
304 2593 316 2654 11
341 2593 438 2668 capite
457 2591 571 2660 velato,
600 2594 681 2651 vittis
704 2594 814 2670 spiceis
837 2595 974 2652 coronati
992 2593 1109 2651 Lacum
1128 2592 1365 2660 adscenderunt,
1394 2601 1425 2650 et

172 2703 230 2762 per
247 2685 389 2744 Alienum
406 2685 582 2745 avitianum
601 2687 842 2764 Prornagistrom
862 2707 969 2766 agnam
991 2688 1003 2746 11
1028 2690 1158 2764 opimam
1183 2686 1423 2754 immolaverunt,

172 2790 203 2837 ct
227 2780 343 2837 hostiae
368 2779 532 2838 litationem
557 2783 763 2857 inspexerunt.
805 2781 942 2840 Perfecto
974 2775 1124 2840 sacrificio
1157 2800 1260 2840 omnes
1294 2793 1361 2839 tore
1395 2791 1425 2838 et

172 2875 245 2932 vino
271 2873 424 2944 iecerunt,
453 2869 559 2934 deinde
588 2875 600 2934 11
628 2878 744 2934 reversi
766 2879 798 2933 in
825 2874 938 2933 Aedem
960 2878 992 2933 tu
1017 2895 1119 2933 urensa
1146 2894 1265 2933 sacrum
1288 2876 1425 2935 feceruut

171 2960 256 3038 ollis,
291 2981 322 3026 et
349 2980 418 3026 anta
440 2969 554 3036 Aedem
583 2969 615 3026 in
637 2973 750 3046 ccspitc
773 2971 978 3047 I'routagister
1003 2981 1033 3027 et
1052 2971 1172 3027 Flamen
1201 2983 1322 3028 sacrum
1335 2969 1426 3026 ‘iece-

170 3074 254 3120 ruut.
285 3062 298 3122 li
327 3062 403 3120 Item
424 3063 506 3121 iores
532 3063 682 3121 adalram
703 3067 820 3121 reversi
842 3065 999 3135 thesauros
1022 3063 1178 3122 dederuut.
1219 3063 1294 3120 Item
1313 3061 1422 3122 tIamcn

170 3169 202 3216 et
212 3157 418 3238 Promagister
431 3159 562 3234 scyphos
576 3151 819 3237 argenteos'cum
835 3160 988 3234 stampuvis
1008 3155 1074 3234 (stc)
1091 3158 1189 3216 livino
1211 3155 1333 3232 repletis
1353 3167 1422 3214 ants

170 3253 297 3321 ostium,
325 3251 392 3329 (st)
421 3271 550 3324 acerras,
570 3249 735 3330 (secentas)
763 3263 829 3310 ture
855 3262 886 3311 ct
904 3253 975 3310 vico
994 3253 1146 3320 lecerunt,
1174 3262 1204 3310 et
1222 3261 1292 3322 aute
1310 3253 1421 3310 ostium

170 3347 358 3414 restiterant,
380 3357 409 3404 ct
431 3347 491 3404 duo
511 3345 548 3404 cd
567 3345 825 3424 frugespetendas
841 3347 853 3404 11
869 3363 938 3402 cum
956 3345 1088 3404 Publicis
1108 3345 1299 3403 desciderunt
1313 3345 1379 3421 (etc)
1394 3355 1424 3402 ct
1530 3414 1537 3422 ,
1583 3355 1593 3366 ·

170 3441 289 3499 reversi
313 3441 417 3500 dextra
444 3439 606 3510 dederunt,
634 3441 718 3498 laeva
744 3449 939 3516 receperunt,
968 3438 1075 3498 deiude
1101 3438 1139 3497 ad
1165 3439 1341 3498 alterutrum
1363 3436 1422 3496 sibi

170 3531 376 3602 recuderunt,
401 3538 414 3595 ll
438 3545 470 3592 ct
490 3534 622 3594 Publicis
644 3536 747 3611 fruges
770 3533 978 3592 madideruntt
1006 3534 1113 3594 deinde
1135 3536 1167 3592 iu
1189 3534 1304 3591 Aedem
1325 3536 1423 3592 intra·

170 3641 297 3700 verunt,
334 3641 364 3687 et
391 3629 465 3689 ollas
492 3633 608 3707 precati
638 3641 724 3698 sunt,
762 3639 794 3686 et
819 3629 905 3686 ostiis
937 3630 1050 3705 apertis
1078 3647 1133 3705 per
1163 3627 1274 3686 clivum
1302 3629 1422 3689 iaoluc-

169 3736 258 3794 rout;
287 3723 394 3782 deinde
416 3721 565 3784 subselliis
588 3726 765 3783 marmorcis
789 3723 1007 3792 consederunt3
1035 3735 1066 3782 et
1083 3741 1177 3799 panes
1195 3722 1346 3780 laureatos
1365 3741 1422 3800 per

170 3817 312 3878 Publicos
333 3819 438 3895 partiti
459 3829 545 3888 suot,
574 3819 615 3877 ibi
638 3834 740 3875 omues
762 3816 931 3876 lurnamulia
957 3817 970 3876 11
994 3835 1063 3876 eum
1083 3819 1198 3893 rapinis
1225 3828 1418 3894 acceperunt,

170 3924 201 3971 ct
218 3914 299 3972 Deas
316 3923 591 3992 unguentoveruut‚
616 3923 646 3970 et
666 3911 763 3970 Aedes
783 3913 865 3970 clusa
884 3923 946 3980 est,
975 3929 1079 3970 omnes
1098 3911 1173 3968 ioris
1194 3913 1348 3972 exieruotz
1377 3910 1420 3968 ihi

170 4007 351 4067 Sacerdotes
375 4007 388 4067 t
414 4007 489 4066 clusi
510 4008 672 4074 succincti,
692 4004 799 4064 libellis
821 4007 970 4082 acceptis,
991 4025 1114 4064 carmen
1135 4005 1343 4064 descindeutes
1364 4007 1419 4062 tri-

168 4103 358 4179 podavcrnut
384 4103 416 4159 in
444 4099 536 4160 verba
563 4102 653 4159 haect
688 4101 770 4158 Eoos
794 4100 889 4158 Lases
914 4103 1012 4158 iuvate
1039 4100 1053 4159 11
1082 4101 1165 4157 Eoos
1187 4099 1284 4157 Lases
1307 4101 1418 4166 iurata.

168 4197 366 4256 EnosLases
386 4187 495 4257 iuvate.
535 4196 618 4253 Neve
640 4195 782 4252 Luaerve·
796 4191 955 4269 Marmar)
969 4197 1034 4254 sins
1061 4196 1217 4252 incurrere
1241 4196 1272 4250 ia
1287 4193 1417 4270 pisones.

168 4309 248 4350 neve
270 4291 389 4350 Lusrve
415 4291 549 4350 Marmar
575 4290 588 4349 11
616 4296 677 4347 stus
700 4291 856 4346 incurrere
878 4289 911 4344 in
932 4288 1061 4363 pleoris.
1098 4307 1172 4345 neve
1195 4288 1313 4346 Luerrh
1337 4288 1421 4347 Mar-

168 4403 236 4444 mar
264 4391 339 4446 sersl
358 4389 514 4445 incurrere
546 4386 577 4441 in
600 4384 724 4461 plecris.
765 4381 857 4440 Satur
883 4381 983 4440 iurare
1007 4381 1090 4440 Mars
1118 4383 1209 4440 limen
1240 4382 1345 4444 laute
1359 4395 1420 4445 -sta

168 4479 295 4550 herber,
330 4492 415 4539 satur
439 4481 534 4546 iniere
555 4477 639 4538 Mars
663 4478 754 4536 litnen
778 4475 834 4534 sali
862 4473 1056 4542 sicharbas,
1091 4471 1190 4540 Sator
1212 4477 1306 4545 itrierc
1336 4475 1420 4544 blara

165 4573 260 4635 lunen
283 4576 340 4634 sali
363 4587 409 4634 sta
436 4572 557 4633 herber.
587 4574 600 4634 11
628 4574 760 4632 Samouis
784 4569 908 4628 alternei
927 4569 1086 4644 advocapit
1109 4581 1251 4638 conum,
1280 4569 1420 4631 Serranis

168 4671 295 4730 alteruei
305 4669 463 4747 advorapit
476 4679 610 4738 coactos,
622 4668 755 4726 sunonis
766 4663 968 4816 alternipbic)
983 4663 1140 4740 advocapit
1153 4664 1165 4722 11
1178 4673 1304 4732 coactos.
1335 4663 1420 4730 Eoos

169 4765 305 4824 Marmor
324 4768 442 4834 iuvato,
470 4765 553 4822 Enos
572 4763 707 4823 Marmor
727 4762 845 4828 bavato,
901 4773 956 4816 uos
976 4758 1093 4815 lllnrnor
1113 4759 1224 4815 iuvato.
1265 4755 1419 4834 Triuritpe.

167 4859 330 4937 Triumpe.
365 4861 526 4935 Triumpe,
554 4857 728 4933 Triumllpc‚
761 4859 900 4932 triumpa-
940 4855 1014 4914 Post
1044 4848 1280 4930 tripodatioucm
1313 4851 1421 4910 deiude
