3466 5928
264 1197 271 1240 i

263 389 290 495 Ν.
347 439 403 516 ssa
790 493 794 501 ,
825 444 828 452 ’
871 435 1075 496 aetstota

346 581 389 626 est
410 566 624 644 properandum.
664 569 823 643 DescriptIo
842 568 953 642 quidem
974 575 1066 644 operis
1087 584 1115 624 et
1135 573 1276 624 institutio
1301 567 1376 625 iacta
1394 585 1451 626 est:
1484 571 1586 626 serires
1650 573 1651 576 ’

330 667 456 718 'constat
474 667 593 718 maxime
612 661 851 748 opservationibut
877 669 1010 732 minutis,
1041 681 1109 736 qnae
1134 682 1191 717 uon
1212 664 1295 718 simul
1314 681 1476 720 occurrunt.
1516 666 1588 718 Cete-

344 773 406 812 rum
426 775 483 812 non
502 756 642 810 dimittam
662 775 696 810 ert
716 757 805 811 oculis
824 773 851 811 et
867 761 962 810 animo
982 775 1039 811 rem
1060 763 1228 823 institutam,
1246 757 1334 812 donec
1354 757 1390 812 ad
1407 764 1588 814 maturitatem

344 851 467 923 aliquam
495 850 635 924 redegero.
675 851 832 908 Wetstenii
862 869 965 904 notum
992 853 1203 910 Testamentum
1232 851 1314 906 audio
1344 870 1402 906 esse
1427 852 1589 918 absolutum,

345 960 374 1000 et
397 935 478 1018 spero
498 942 526 997 id
548 941 709 1018 propediem
738 943 838 998 adme
860 945 996 1018 perlatum
1021 951 1064 1000 iri.
1102 943 1173 1000 Nori
1196 945 1271 1000 aliud
1293 946 1364 998 nilril
1388 946 1496 1014 habeo,
1522 947 1588 1018 quod

345 1039 408 1092 Tua
436 1041 548 1092 intersit
575 1043 657 1092 scire.
702 1039 893 1094 l’rolusioneus
917 1039 1010 1092 subito
1038 1043 1172 1112 scriptam
1200 1044 1279 1110 aequi
1309 1039 1430 1113 bonique
1460 1041 1588 1094 consules.

343 1131 430 1197 Vale,
462 1129 546 1185 decus
571 1129 730 1201 literarum,
760 1148 788 1188 et
812 1133 882 1187 mihi
908 1131 998 1188 lasere
1021 1151 1113 1208 perge.
1154 1133 1213 1188 Ser.
1238 1135 1349 1207 Lipsiae
1373 1132 1402 1188 d.
1427 1136 1506 1190 xvi.
1526 1137 1588 1192 Maii

338 1225 503 1284 illiceat.

418 1347 450 1402 Ρ.
473 1349 502 1402 S.
541 1347 620 1402 Hanc
647 1345 807 1422 epistolam,
839 1364 922 1419 qaum
948 1345 981 1399 ad
1006 1362 1207 1413 mercatorem,
1234 1364 1385 1422 perquem
1406 1348 1500 1401 Tuam
1519 1365 1589 1400 aete-

344 1455 455 1514 peram,
484 1445 566 1507 misi,
593 1457 658 1494 ecca
686 1440 733 1493 ille
754 1437 853 1492 eodem
873 1439 917 1494 die
938 1445 994 1494 lam
1014 1440 1129 1495 abierat.
1167 1442 1263 1512 ltaque
1283 1439 1348 1496 dum
1369 1442 1454 1522 aliam
1473 1447 1588 1494 occasio·

344 1551 411 1588 atem
429 1539 488 1588 eius
510 1532 662 1588 mittendae
681 1539 855 1605 exspectati,
883 1527 975 1598 ’ἕωλος
1001 1533 1074 1587 iacta
1098 1551 1148 1588 est.
1188 1533 1241 1588 Sed
1262 1534 1361 1589 incidit
1382 1535 1507 1608 aliquid,
1534 1553 1587 1608 pro·
1650 1581 1651 1594 ,

344 1644 408 1702 pter
426 1626 500 1699 quod
519 1644 579 1680 eam
600 1645 649 1701 per
672 1626 798 1702 publicos
825 1645 950 1682 cursores
978 1633 1089 1682 mittere
1114 1627 1232 1682 decrevi.
1272 1631 1358 1683 Totus
1390 1634 1447 1682 iam
1478 1647 1538 1683 sum
1562 1634 1587 1682 la
1650 1653 1651 1680 t

343 1721 447 1775 'l'acito
474 1719 637 1793 expoliendo
664 1735 745 1794 atque
771 1721 945 1777 illustrando.
983 1725 1088 1777 Paucas
1118 1723 1228 1777 notulas
1255 1721 1416 1796 adspergere
1446 1729 1477 1777 in
1503 1728 1585 1776 animo

342 1811 440 1868 babai.
479 1813 532 1868 Sed
561 1813 627 1868 dum
655 1831 724 1888 opus
752 1831 895 1889 aggressus
924 1833 1003 1882 sum,
1034 1822 1179 1870 materiam
1208 1817 1355 1890 largiorem
1383 1817 1481 1870 datam
1510 1821 1587 1890 reperi

342 1923 488 1973 comtum,
507 1912 672 1983 praesertim
692 1927 776 1982 quum
797 1925 943 1984 apparatus
962 1929 1020 1964 uon
1038 1909 1207 1980 spernendus
1227 1911 1363 1964 librorum
1383 1911 1457 1965 mihi
1478 1909 1586 1964 daretne

341 2004 449 2077 Accepi
473 2007 548 2058 enirn
568 2003 695 2057 codicem
717 2004 778 2058 MS.
804 2023 819 2057 e
843 2003 1015 2059 bibliotheca
1033 2003 1263 2078 Guelferbytana,
1296 2003 1452 2058 editionem
1478 2009 1585 2079 primam

343 2097 500 2172 SpIrensis,
531 2113 584 2171 qua
610 2115 691 2152 nemo
719 2103 899 2172 interpretum
925 2097 1015 2152 adhuc
1042 2115 1106 2152 usus
1132 2115 1192 2166 est,
1227 2113 1343 2170 eamque
1368 2097 1482 2151 abono
1500 2095 1584 2152 codiee

342 2193 466 2246 ductam.
505 2191 670 2265 Comparari
689 2197 775 2246 etiarn
795 2193 863 2246 alies
882 2191 1027 2260 editiones,
1047 2193 1183 2246 Venetam
1202 2192 1365 2261 Puteolani,
1392 2191 1524 2246 Beroaldi
1542 2193 1586 2244 lio-

342 2291 473 2352 saan'sm,
503 2290 620 2358 printatn
646 2287 786 2340 Rhenanis
818 2285 890 2340 unde
916 2287 1038 2340 intellexi
1066 2285 1189 2340 nondum
1215 2279 1245 2339 'in
1269 2291 1336 2340 crisi
1362 2287 1415 2339 hae
1443 2284 1584 2340 adhibitam

342 2395 404 2438 esse
423 2385 525 2436 iustam
545 2379 734 2454 diligentiam:
766 2378 916 2454 ssepe¹pto
939 2386 1107 2434 coniecturis
1133 2384 1267 2454 proponi,
1296 2395 1365 2454 quae
1390 2386 1451 2434 iam
1478 2396 1538 2434 sunt
1560 2383 1584 2430 in

284 2477 293 2489 '
343 2479 467 2548 antiquis
492 2473 586 2540 libris,
619 2478 686 2529 titia
713 2475 910 2548 typographica
935 2493 993 2528 esse
1019 2490 1168 2548 propagata
1195 2492 1242 2546 per
1261 2474 1360 2527 multas
1381 2473 1534 2540 editiones,
1560 2485 1582 2524 et

343 2585 428 2642 super
447 2573 482 2622 iis
501 2573 615 2622 criticae
634 2573 810 2622 coniecturas
830 2567 947 2640 proferri
967 2583 1020 2622 cet.
1061 2569 1158 2640 ltaque
1177 2565 1206 2622 id
1226 2573 1284 2642 egi,
1314 2583 1344 2622 ut
1363 2573 1392 2622 in
1411 2567 1582 2622 notiahisto-

343 2652 416 2716 rl'arn
436 2677 464 2715 et
482 2666 560 2732 quasi
582 2660 770 2735 genealogiam
788 2662 941 2715 lectionum
960 2659 1130 2729 indicarem,
1159 2677 1186 2716 et
1207 2667 1237 2715 in
1256 2657 1425 2736 praefatione
1444 2663 1581 2743 ¹historiam

342 2753 500 2810 editionum
528 2759 728 2809 accuratiorem
759 2755 881 2808 scribere
909 2753 1027 2809 decreti.
1066 2753 1119 2811 Sed
1144 2757 1319 2810 vehementer
1346 2755 1477 2810 derideto
1495 2753 1581 2808 editio·

343 2865 410 2904 nem
435 2849 603 2916 Romanam,
635 2865 706 2922 quae
731 2851 793 2904 Sec.
818 2851 879 2904 XV.
906 2847 1024 2923 prodiit,
1058 2867 1143 2922 quum
1168 2843 1234 2903 lilsri
1262 2855 1368 2924 priores
1393 2866 1444 2904 sea
1469 2847 1579 2904 nondun

344 2957 436 2998 essent
455 2947 571 2997 inventi.
609 2945 678 2998 Eam
697 2960 830 3018 nusquam
849 2949 927 3016 potui
951 2948 1079 3016 reperire.
1114 2945 1225 3018 Lipsius
1243 2959 1305 2998 eam
1325 2944 1368 2998 his
1388 2959 1467 2998 terve
1485 2941 1579 2996 laudat:

344 3035 483 3092 editorum
513 3037 681 3110 reliquorum
710 3055 791 3092 nemo
822 3041 922 3091 uidisse
951 3039 1068 3094 ridetur.
1107 3037 1211 3092 Saltem
1238 3055 1323 3092 uento
1347 3037 1455 3094 laudat.
1494 3039 1532 3092 Ex
1554 3047 1580 3086 ea

342 3129 454 3186 videtur
481 3135 586 3186 Veneta
617 3147 642 3186 a.
669 3133 753 3192 1'198.
784 3151 834 3206 per
865 3135 960 3186 Franc.
999 3131 1182 3186 Puteolanum
1215 3132 1339 3186 fluxisse.
1377 3134 1471 3205 Igitur
1500 3130 1579 3200 magni

343 3207 538 3298 relertscide,
557 3224 624 3297 quid
644 3225 691 3280 ille
710 3226 777 3282 hinc
797 3232 961 3300 sumpserit,
980 3223 1047 3296 quid
1066 3232 1192 3280 mutarit.
1230 3227 1312 3280 Venit
1332 3227 1454 3280 miiaiin
1471 3235 1579 3280 meatem

340 3335 472 3393 sperare,
502 3335 565 3374 eam
591 3317 742 3374 editionem
769 3325 798 3374 iu
828 3325 908 3374 terris
933 3325 1047 3388 teutria,
1078 3337 1147 3392 qnae
1167 3321 1264 3374 ltaliae
1286 3337 1350 3376 sunt
1371 3324 1580 3395 propinquiores,

343 3412 462 3469 intrasse
486 3419 613 3488 reperiri.
654 3415 750 3488 ltaque
769 3415 810 3468 Ts
833 3421 917 3488 rogo,
947 3430 979 3468 nt
997 3420 1022 3468 si
1041 3418 1094 3490 iste
1112 3413 1184 3468 liber
1203 3413 1275 3488 apud
1293 3431 1342 3468 sos
1360 3419 1478 3487 reperiri
1497 3414 1580 3487 possit,

343 3515 404 3565 eius
430 3509 500 3562 mihi
527 3513 609 3580 copia
635 3521 666 3562 ut
694 3509 741 3562 list
768 3525 864 3576 cures,
895 3523 923 3562 et
948 3509 1081 3581 proximo
1102 3523 1226 3563 mercatu
1250 3525 1299 3582 per
1327 3523 1497 3562 mercatores
1520 3505 1578 3558 mihi
1650 3577 1651 3590 χ

252 3644 254 3655 .
343 3609 451 3658 mittas.
489 3601 600 3658 Redibit
628 3617 822 3675 magnacum
849 3607 947 3677 grstia.
984 3601 1079 3655 Etiam
1105 3599 1309 3656 Mediolanensi
1336 3616 1363 3660 a.
1388 3605 1472 3672 1516.
1501 3613 1578 3654 carco·
1650 3607 1651 3612 ’

343 3695 399 3752 Sed
425 3702 554 3770 aequius,
581 3693 654 3770 qnod
675 3696 750 3750 illam
768 3714 826 3749 non
845 3695 943 3750 dubito
966 3710 1053 3749 totam
1073 3693 1186 3750 ductam
1206 3713 1265 3750 esse
1285 3715 1300 3750 s
1319 3699 1444 3751 llomana
1464 3689 1578 3752 Beroaldi

343 3807 369 3845 ι.
390 3796 472 3850 siti.
492 3789 576 3846 edita.
615 3791 722 3844 Sinon
741 3793 771 3844 in
792 3805 847 3844 ram
867 3805 1015 3864 angustum
1035 3806 1140 3862 tempus
1164 3807 1209 3844 me
1231 3789 1360 3845 concludi
1379 3807 1475 3864 passus
1493 3799 1578 3848 essem,

343 3900 506 3960 propterea,
540 3883 614 3959 quod
639 3883 669 3938 id
693 3902 755 3938 nteo
779 3883 916 3952 consilio,
947 3883 1021 3957 quod
1046 3885 1081 3936 ab
1101 3889 1184 3938 initio
1206 3901 1281 3952 erat,
1312 3883 1437 3938 sulficere
1457 3894 1577 3958 putartmt

344 3981 475 4034 adiissem
498 3981 560 4036 Em.
580 3982 731 4050 Quirinum
751 3997 799 4052 per
818 3977 929 4045 literas,
960 3993 991 4032 ut
1016 3995 1143 4052 excerpta
1162 3977 1250 4032 Codd.
1270 3981 1470 4034 vaticanorum
1493 3989 1576 4030 couse-

344 4091 458 4144 querer,
486 4079 533 4146 qui
559 4053 709 4128 achitio
735 4079 765 4126 in
785 4072 906 4146 Epochis
929 4071 1182 4146 Syromacedonum
1205 4071 1363 4129 laudantur.
1404 4074 1485 4128 Nunc
1503 4071 1526 4123 σι’
1543 4067 1576 4117 iil

344 4181 455 4240 tempus
474 4185 531 4222 non
549 4165 667 4223 sufficit:
697 4179 724 4222 et
743 4173 810 4222 satis
830 4167 938 4222 habebo
958 4187 1007 4243 per
1027 4167 1164 4223 editiones
1183 4183 1288 4223 veteres
1307 4181 1335 4222 et
1353 4166 1480 4222 codicem
1498 4153 1578 4218 curii·

344 4277 485 4330 utcunque
504 4262 604 4316 Tacito
624 4261 807 4319 consuluisse.

420 4354 576 4411 Wetssenii
595 4343 806 4412 Testamentum
832 4361 889 4411 iam
915 4353 1099 4432 perlustrandi
1124 4353 1287 4410 facultatem
1311 4353 1413 4411 habui:
1443 4355 1533 4408 nescio
1549 4360 1578 4397 aa

344 4466 372 4506 et
393 4465 440 4502 sos
460 4449 595 4515 Heluetii,
624 4451 734 4522 quando
752 4451 800 4506 ille
819 4469 871 4506 suo
888 4467 1003 4525 sumptu
1021 4449 1124 4518 edidit,
1155 4467 1241 4522 eaque
1259 4447 1294 4504 de
1312 4465 1409 4504 caussa
1427 4453 1578 4503 mercatores
1650 4487 1651 4504 ,

343 4537 454 4600 librarii
472 4543 549 4598 nulla
568 4546 694 4618 exempla
714 4551 744 4600 in
763 4545 886 4600 tabernis
905 4546 1017 4600 lrabeat.
1050 4545 1115 4599 vidi
1135 4550 1166 4599 itt
1183 4545 1408 4620 Prolegomenis,
1427 4559 1495 4618 quae
1511 4530 1575 4592 taldi

343 4655 452 4695 mutata
471 4655 499 4694 st
519 4654 598 4694 aucta
618 4657 698 4707 sunt,
717 4640 812 4694 multis
831 4639 922 4696 verbis
942 4645 1063 4707 narrari,
1088 4657 1157 4712 quae
1177 4645 1207 4694 in
1226 4639 1350 4694 Helvetia
1370 4643 1400 4692 in
1419 4639 1577 4715 sinterani
1650 4633 1651 4652 *

343 4751 406 4790 scta
433 4751 511 4790 sunt:
545 4737 604 4788 eius
629 4739 799 4791 narrationis
825 4736 940 4789 initium
966 4735 1060 4788 a‘luo
1085 4740 1199 4788 nomine
1219 4733 1293 4788 fieri:
1326 4724 1416 4788 totam
1435 4723 1575 4786 essesehe·
1650 4805 1651 4808 Ἰ

345 4836 468 4889 mentius
498 4834 642 4904 scriptam.
687 4831 819 4886 Ceterum
844 4847 956 4900 vereor,
988 4844 1019 4885 ut
1047 4827 1138 4884 bonus
1164 4833 1206 4884 uir
1230 4845 1264 4886 aa
1291 4827 1341 4884 illo
1368 4843 1453 4901 opera
1474 4819 1576 4880 mulium
