3264 5414
955 1285 964 1364 l

383 1433 1053 1530 PRAEFATIO.

609 1649 826 1668 -Ὰ-ι--ι

116 1799 348 1848 turnions.
385 1771 548 1848 ricius.
585 1779 791 1853 icenront-
828 1799 1027 1854 ueniens.
1063 1799 1316 1850 rnnrcirnn.
1391 1787 1397 1801 '

548 1921 638 1966 uomet
649 1923 759 1978 inseuptie.
773 1939 789 1963 v.
805 1922 901 1965 Gicrmle
910 1921 1008 1967 bedec
1018 1923 1080 1966 ΜΞ.
1090 1921 1195 1967 Dinaea
1203 1937 1227 1980 ρ.
1236 1923 1285 1966 366.

493 2091 919 2116 m*-

104 2223 226 2344 Hodie
250 2283 379 2368 quidem
406 2303 426 2348 a
447 2281 642 2368 philologis,
672 2279 796 2344 infinita
820 2281 876 2345 illa
901 2291 996 2366 atquc
1021 2280 1054 2346 in
1079 2281 1148 2346 dies
1174 2291 1341 2346 crescente

106 2399 132 2449 et
152 2413 284 2470 remim,
323 2406 355 2458 ct
384 2396 586 2470 verborum,
625 2405 657 2459 et
686 2393 787 2460 omnis
817 2393 945 2479 generis
971 2405 1220 2478 praeceptorum
1245 2392 1341 2476 copia

104 2520 191 2580 paene
212 2504 362 2582 obrutis,
388 2505 549 2588 postulari
571 2528 668 2592 quum
690 2505 748 2570 vix
770 2517 884 2590 queat,
916 2517 952 2568 ut
976 2517 1025 2572 tot
1050 2505 1188 2592 negotiis
1211 2481 1341 2570 diitenti

105 2611 233 2700 integros
256 2640 359 2683 annos
380 2617 573 2682 insumamus
593 2617 625 2682 in
647 2595 1039 2704 inscriptionumquoque
1060 2639 1202 2702 corpora
1225 2607 1339 2682 sedulo

105 2733 328 2806 pertractanda,
354 2733 573 2813 excerpenda,
602 2729 794 2816 digerenda,
819 2741 868 2806 et,
892 2730 1074 2814 ubicunque
1100 2751 1182 2814 opus
1205 2741 1272 2807 est,
1300 2731 1342 2793 ad

107 2857 181 2902 usum
205 2846 364 2921 vocanda,
389 2842 531 2926 optabile
554 2863 628 2906 sane
650 2842 838 2918 videbatur,
862 2854 897 2906 ut
924 2841 1160 2926 compendiaria
1187 2843 1339 2926 quaedam

106 2947 149 3012 tia
170 2957 295 3019 tandem
322 2955 589 3030 communiretur,
625 2977 719 3040 qnam
744 2952 883 3040 ingressi
908 2965 941 3018 et
966 2955 1111 3020 molestia
1137 2954 1191 3018 illa
1218 2953 1339 3036 aliqua·

107 3068 183 3126 tenus
205 3068 460 3143 sublevaremur,
491 3089 593 3152 neque
619 3078 724 3130 tamen
745 3067 883 3130 maximo
908 3088 978 3130 cum
1000 3077 1132 3132 nostrae
1154 3065 1339 3148 disciplinae

109 3173 283 3246 detrimento
305 3179 568 3262 inscriptionibus
586 3178 686 3243 veluti
705 3178 863 3242 abstinere
882 3199 1087 3264 cogeremur.
1113 3178 1240 3258 Quotus
1256 3178 1338 3240 enirn

108 3285 225 3374 quisque
253 3313 336 3354 nunc
363 3304 412 3356 est
437 3293 719 3378 mythologorum‚
750 3290 996 3368 historicorum,
1031 3289 1335 3363 iiueconsultorum,

109 3404 370 3477 grammaticorum
392 3403 525 3468 maxime
544 3403 754 3480 Latinorum,
784 3426 922 3490 quorum
946 3403 981 3468 in
1006 3403 1132 3484 scriptis
1160 3400 1336 3484 probabilis

108 3509 200 3576 saltem
215 3515 311 3580 buius
327 3517 454 3602 generis
476 3517 600 3581 eluceat
619 3515 776 3582 scientia?
819 3517 871 3582 Ac
896 3515 998 3580 sicubi
1014 3517 1118 3602 aliqua
1134 3515 1201 3580 eius
1215 3514 1337 3598 species

109 3623 185 3688 nobis
203 3631 358 3706 offertur,
382 3621 500 3694 inlices
519 3629 627 3712 potius
648 3629 874 3714 Scaligeranos
896 3639 928 3691 ct
949 3629 1212 3705 Muratorinnos,
1242 3649 1339 3712 quam

110 3729 201 3801 titulos
219 3741 308 3823 ipsos
326 3752 454 3804 strenue
477 3743 659 3818 consultos,
691 3740 900 3824 paucissimos
920 3740 1031 3825 utique
1053 3741 1138 3804 ultra
1160 3742 1336 3804 Gruterum

110 3841 374 3939 lluratorinmque
406 3866 519 3963 sapere
554 3853 725 3937 pervideo.
770 3855 884 3937 Neque
905 3864 1008 3917 tamen
1030 3864 1206 3934 propterea
1224 3873 1371 3936 quem«,
1477 3889 1482 3896 ·

110 3975 185 4036 quam
199 3967 419 4047 reprehend03
442 3987 545 4048 neque
561 3959 690 4031 nostros
706 3966 894 4051 philologos
909 3967 972 4029 hoc
986 3966 1019 4028 in
1034 3987 1151 4050 genere
1168 3987 1250 4028 ntrnc
1265 3987 1335 4028 erim

110 4063 230 4152 Liuiis,
262 4077 454 4162 Scaliger-is,
486 4079 514 4144 F
517 4077 669 4152 abrettis,
697 4077 859 4154 Muffciis,
891 4077 1151 4164 Hegenbnehiis‚
1186 4076 1335 4142 Mariniis

109 4187 241 4252 committi
263 4211 397 4273 aequum
420 4189 616 4267 censuerim,
646 4189 716 4272 ipse
740 4191 887 4254 diuturna
913 4189 1111 4284 experientia
1136 4212 1233 4275 quum
1256 4189 1336 4254 didi-

110 4293 205 4374 cerim,
234 4323 327 4386 quam
349 4301 547 4370 laboriosum
570 4323 652 4384 opus
675 4313 875 4388 quantaeque
904 4303 945 4366 sit
966 4302 1155 4388 patientiae,
1186 4301 1277 4366 buius
1302 4301 1335 4366 in

111 4401 273 4492 disciplinae
295 4425 454 4500 tamquam
478 4435 624 4481 recessus
645 4427 827 4498 penetrare.
872 4415 1000 4480 Etenim
1022 4415 1194 4500 fatigamur
1215 4414 1335 4500 ubique

113 4509 268 4590 incredibili
288 4527 455 4596 titulorum
479 4526 695 4603 mrtltitudine,
733 4550 750 4592 e
777 4527 892 4613 qulbus
916 4526 1145 4592 nihilomnino
1168 4527 1332 4610 proficias,

111 4624 157 4690 nisi
181 4635 204 4700 si
222 4637 363 4704 sterilem
379 4613 546 4704 ¹nominum
569 4641 768 4722 plebeiorum
792 4660 829 4734 ac
851 4639 1014 4704 servilium
1034 4639 1178 4704 notitiam
1198 4643 1333 4722 adeptus

95 4755 208 4896 ἀρετῆς
221 4751 359 4834 pretinm
374 4761 406 4814 te
419 4751 534 4816 fecisse
556 4763 661 4834 putes.
705 4753 875 4818 Eludimur
893 4773 1014 4836 porro,
1038 4753 1215 4837 misereque
1235 4773 1331 4837 saepe
