3264 5414
512 475 912 550 russanum.
1121 461 1125 466 '
1294 481 1334 546 es

12 645 13 680 l
96 649 204 723 iidem,
227 647 254 711 si
276 647 352 712 mihi
376 647 476 710 risum
499 656 600 723 esset,
625 645 779 713 collocari
800 659 950 732 poterant
973 647 1064 712 etiam
1090 662 1165 732 post
1192 649 1335 733 opifices.

98 765 145 826 ab
169 760 299 825 illorum
329 759 453 846 quidem
480 758 660 824 ministeriis
685 781 782 844 quum
809 761 953 842 separari
973 783 1039 826 non
1061 775 1194 844 possent
1217 763 1332 840 officia,

94 895 171 960 quae
192 873 361 949 dictantur,
395 875 509 940 domus
532 873 718 956 Augustae,
748 853 858 936 dehis
880 874 1064 957 quoquein
1086 873 1244 958 lapidibus
1266 898 1341 944 sae-.

94 987 217 1070 pissime
239 986 441 1061 memoratis,
466 997 615 1068 quantum
631 997 742 1050 nostro
758 1007 819 1068 pro
835 986 971 1054 consilio
985 987 1056 1052 fieri
1072 990 1219 1064 debebat,
1244 1011 1337 1054 accu-

93 1101 186 1163 ratius
208 1099 344 1186 egimus.
388 1100 543 1164 Libertos
560 1098 695 1180 posthac
716 1119 734 1162 e
753 1098 906 1163 servitute
926 1099 1058 1165 emissos
1081 1100 1249 1186 civiliaque
1266 1105 1337 1166 iura
1385 1141 1389 1152 ι

94 1216 222 1296 adeptos
251 1210 412 1287 comitati,
450 1210 653 1295 pervenimus
683 1210 863 1294 adl'opuli
885 1211 984 1293 ipsius
1006 1225 1241 1280 sacrosanctam
1263 1237 1336 1278 cer·

95 1327 192 1410 tisqrrc
214 1325 342 1409 legibus
365 1323 545 1387 adstrictam
567 1324 769 1399 societatem,
792 1321 825 1386 in
848 1325 938 1388 cuites
959 1324 1096 1410 imagine
1119 1328 1335 1390 adumbrantia

95 1438 204 1502 civium
221 1459 352 1523 genera,
377 1437 516 1512 ordines,
540 1435 639 1501 totius
658 1435 704 1500 rei
721 1435 867 1519 publicae
878 1437 1028 1514 sormam,
1052 1439 1153 1524 leges,
1177 1449 1333 1514 senatum,

96 1549 292 1635 magistratus
315 1549 442 1624 varios,
473 1550 630 1626 honores,
669 1571 798 1614 munera
820 1571 920 1635 usquc
942 1552 982 1614 ad
1002 1551 1174 1614 novissima
1197 1549 1336 1617 Romani

95 1663 214 1745 imperii
244 1673 391 1744 tempora
419 1649 649 1726 recensuimus.
704 1663 812 1747 Leges
850 1662 981 1746 quidem·
1005 1663 1108 1744 ipsas,
1151 1687 1247 1749 quas,
1289 1665 1334 1730 uti

96 1797 199 1856 spero,
224 1775 381 1838 chuzius
402 1773 603 1838 illustrandas
626 1773 688 1838 sibi
709 1787 832 1850 sumet,
853 1775 1048 1858 paucissimis
1072 1777 1232 1859 exceptis,
1257 1799 1336 1843 con-

96 1890 173 1952 sulto
194 1909 259 1952 non
279 1887 442 1971 attigimus
452 1910 466 1962 ς,
484 1907 586 1971 neque
605 1886 686 1950 enim
703 1887 736 1950 iu
754 1888 792 1952 iis
811 1888 1057 1970 interpretandis
1079 1910 1137 1954 nos
1163 1889 1240 1953 iuris
1265 1883 1336 1973 qui·

95 2002 158 2062 dem
187 2001 388 2084 prudentiam
419 2021 578 2084 nunquam
603 1999 743 2081 professi
772 2000 929 2064 nobismet
959 2000 1037 2083 ipsis
1058 2002 1333 2077 satisfecissemus,

96 2135 147 2175 ace
175 2113 363 2196 simpliciter
385 2116 508 2176 easdem
530 2112 713 2176 exscribere
734 2114 881 2176 vacabat.
926 2113 1035 2178 Nolim
1058 2101 1176 2198 igitur,
1201 2136 1335 2199 quaeras

96 2227 292 2290 desiderasse
314 2245 386 2290 meo
408 2225 441 2288 in
462 2225 547 2289 libro
569 2225 605 2289 S.
630 2223 671 2290 C.
696 2227 733 2288 dc
751 2224 1015 2318 Bacchanalibus,
1039 2246 1097 2288 nec
1112 2228 1234 2310 Legem
1258 2229 1336 2290 Ser-

98 2339 218 2417 uliam,
242 2361 302 2404 nec
323 2337 516 2402 iudiciariam
539 2337 661 2402 Galliae
681 2337 875 2420 Cisalpinae,
899 2357 958 2401 nec
977 2338 1222 2432 Heracleensem
1242 2341 1336 2400 tabu·

97 2451 150 2514 lam
186 2455 237 2534 (ut
266 2456 431 2535 eleganter
459 2473 528 2515 cnm
557 2453 700 2536 Hugone
731 2451 878 2533 loquar),
911 2472 970 2514 neo
999 2451 1102 2536 legem
1126 2451 1334 2531 Puteolanam

96 2564 203 2644 parieti
225 2563 388 2640 faciundo,
412 2586 470 2628 nec
492 2562 623 2649 regiam,
648 2585 728 2647 quae
752 2561 878 2638 dicitur,
903 2562 1104 2645 Vespasiani,
1128 2585 1231 2648 neque
1249 2566 1335 2628 Acta
1434 2547 1436 2552 ’

97 2675 142 2738 illa
163 2689 291 2740 senatus
313 2676 534 2760 supposititia,
557 2697 616 2740 neo
638 2676 793 2738 'l'abulam
815 2675 1041 2751 alimentariam
1065 2675 1205 2752 Traiani,
1231 2697 1334 2762 neque

97 2789 303 2868 Antiatinam,
327 2811 448 2875 neque,
480 2800 514 2853 ut
537 2791 576 2852 ad
597 2787 751 2852 historica
772 2789 984 2874 progrediar,
1009 2790 1125 2852 Fastos
1148 2789 1334 2874 consulares

98 2921 129 2962 ac
146 2901 366 2986 triumphales,
383 2923 441 2965 uec
459 2883 706 2966 Monumentum
722 2901 940 2984 Ancyranum,
958 2921 1017 2966 nce
1036 2901 1261 2986 Torigniense,
1278 2921 1336 2964 ue·

98 3035 150 3097 que
164 3015 344 3079 orationem
362 3012 486 3080 Claudii
501 3011 662 3088 Caesaris,
687 3035 781 3098 quae,
803 3013 921 3096 optime
937 3014 1014 3078 mihi
1033 3026 1120 3089 nota,
1139 3015 1208 3076 fere
1228 3013 1334 3081 omnia

98 3129 217 3210 saepius
238 3127 298 3190 iam
321 3125 396 3188 alibi
417 3137 490 3188 sunt
519 3125 669 3207 repetita.
714 3124 948 3190 Abstinendum
977 3126 1057 3188 enirn
1087 3138 1155 3188 erat
1179 3147 1196 3188 a
1217 3127 1334 3190 talibus

97 3235 159 3304 ideo
182 3259 325 3324 quoque,
350 3250 385 3302 ut
402 3238 509 3303 locum
525 3236 605 3315 aliis,
630 3237 851 3302 minutioribus
865 3238 1015 3314 fortasse,
1032 3257 1245 3302 reservarem.
1270 3238 1334 3302 Sed

97 3371 159 3413 cum
173 3349 413 3436 magistratibus
429 3349 587 3415 artissimo
603 3349 732 3415 vinculo
748 3349 918 3414 coniuncta
934 3349 1069 3414 vidimus
1089 3349 1192 3414 officia
1210 3349 1333 3413 minora

99 3465 327 3544 apparitorum,
351 3463 544 3538 scribarum,
570 3473 775 3541 exactorum,
799 3463 1046 3544 tabulariorum
1070 3483 1139 3526 cum
1163 3473 1232 3526 tota
1252 3483 1333 3526 vero
1407 3471 1416 3496 '

97 3592 126 3636 re
145 3576 270 3658 publica
286 3586 317 3639 et
333 3596 467 3658 operum
481 3575 683 3657 publicorum
700 3596 737 3638 ac
751 3574 954 3660 vectigalium
970 3574 1150 3638 nniversam
1165 3575 1331 3652 rabonem,

98 3697 124 3748 et
148 3710 214 3752 rem
244 3688 430 3764 militarem,
461 3687 576 3772 quibus
607 3687 751 3752 omuibus
779 3687 906 3772 singula
934 3687 1036 3770 capita
1065 3699 1138 3752 sunt
1160 3688 1333 3774 assignata.

99 3797 305 3884 Quamquam,
340 3799 497 3884 permulta
531 3821 607 3863 sane
639 3821 658 3862 a
686 3799 850 3882 prioribus
886 3799 1127 3882 inscriptionum
1157 3800 1333 3865 editoribus

98 3907 156 3975 iure
184 3917 323 3997 quodam
351 3933 411 3976 suo
441 3912 524 3975 inter
553 3933 653 3995 opera
680 3912 807 3994 publiea
832 3913 931 3976 relata
951 3925 1159 3996 praeceperat
1181 3913 1273 3978 nobis
1295 3935 1333 3978 ea

99 4025 195 4104 operis
224 4047 320 4108 pars,
357 4045 441 4110 quae
470 4024 680 4089 monumentis
708 4023 871 4088 historicis
894 4023 994 4088 dicata
1017 4023 1217 4110 diligentiore
1239 4025 1334 4089 etiam

98 4137 164 4200 citra
181 4137 278 4223 digna
297 4138 481 4212 videbatur;
503 4139 587 4200 unde
603 4137 721 4212 laetum
741 4146 799 4213 est,
823 4129 858 4199 n't
876 4135 1073 4219 municipalia
1092 4133 1165 4200 fere‘
1180 4137 1213 4200 in
1229 4137 1332 4221 capite

99 4267 188 4329 opera
209 4249 337 4333 publiea
358 4249 539 4315 continente
561 4250 732 4334 legantur,
764 4247 943 4331 principum
975 4271 1053 4312 uero
1084 4271 1124 4314 eo
1154 4250 1186 4313 in
1216 4271 1334 4336 genere

98 4362 198 4426 merita
219 4374 251 4426 et
272 4364 381 4426 laudes
402 4361 435 4424 in
455 4360 615 4426 historicis
637 4361 744 4445 potius
766 4362 871 4426 locum
886 4361 1064 4425 invenerint
1077 4383 1181 4426 suum.
1216 4363 1332 4448 Neque

99 4491 170 4539 vero
199 4475 439 4559 provinciarum
471 4472 733 4565 administrationi
764 4476 973 4554 exponendae
1004 4474 1129 4560 largior
1165 4487 1333 4557 supererat

100 4586 215 4667 menis,
240 4609 258 4653 a
280 4586 427 4652 civilibus
450 4585 615 4650 maximam
636 4591 761 4670 'partem
781 4575 815 4649 et
833 4586 961 4650 tubanis
981 4587 1219 4671 magistratibus
1237 4609 1334 4654 occu·

99 4709 183 4776 pata:
214 4712 247 4764 at
275 4722 315 4765 eo
334 4697 445 4763 -maius
475 4698 611 4763 studium
641 4699 672 4762 in
701 4718 742 4763 eo
771 4699 1017 4774 collocavimus,
1051 4709 1087 4762 ut
1117 4721 1241 4764 ornnem
1267 4721 1334 4764 rem

12 4799 13 4804 ἵ
100 4807 254 4878 militarem
277 4812 456 4900 aceuratius
479 4812 725 4887 enuclearemns,
750 4823 930 4894 temporum
953 4811 1077 4875 ratione
1099 4823 1248 4896 quantum
1264 4811 1335 4878 fieri

100 4934 236 5001 poterat,
259 4926 312 4991 bic
333 4945 481 5010 quoque,
507 4933 543 4986 ut
564 4923 596 4986 in
616 4923 766 5008 reliquis,
794 4943 920 5006 semper
940 4923 1061 4988 habita.
