3264 5414
254 587 344 628 tautum
361 581 530 636 inscriptiones
548 579 660 638 colligat,
687 578 724 622 vet
739 577 833 637 singula
848 579 964 637 quaedum
982 577 1149 635 antiquitatum
1164 579 1241 633 capita
1256 582 1400 633 pertractet,
1427 589 1514 622 vanam

252 687 275 719 m
298 671 328 715 iis
361 641 430 715 'enno
448 667 611 713 consultandis
633 667 852 724 perlustrandisque
872 679 971 722 operam
990 667 1021 710 sit
1040 668 1178 722 positurns;
1202 669 1318 724 ‚quamius
1343 680 1390 710 nou
1414 679 1511 724 negem,

252 773 321 814 euin,
341 759 380 818 qui
397 759 516 816 integrum
531 756 658 813 aliquando
680 754 798 810 inscriptt.
819 753 959 798 Latinarum
973 767 1061 810 eorpus
1079 757 1238 800 adornetnrns
1257 755 1302 809 sit,
1323 755 1448 812 quaedam,
1469 769 1514 798 nec

252 855 330 894 tannen
346 847 420 892 multa
434 847 458 889 iu
475 845 592 890 eiusmodi
612 843 709 898 scriptis
725 846 877 898 reperturum
896 845 933 888 rel
952 844 1122 898 praetermissa
1132 859 1145 888 a
1155 843 1247 903 suingeis
1265 843 1452 896 collectoribus,
1474 844 1514 886 sel

174 973 177 982 .
245 935 297 996 ,fide
322 936 394 980 etiem
418 934 529 992 digniora
553 937 578 977 et
601 933 679 990 inagis
703 931 836 976 emendata.
874 931 921 976 Sed
939 932 978 989 qui
998 937 1053 988 post
1080 929 1241 986 Gruterum„
1263 932 1345 976 seculo
1366 932 1514 986 praesertim

252 1023 353 1078 septimo
378 1022 471 1066 decimo
495 1033 565 1066 cieras
584 1033 639 1064 suns
658 1019 746 1075 publici
770 1019 829 1064 iuris
847 1019 970 1074 lecerunt,
999 1022 1035 1064 ml
1059 1018 1168 1066 Gratata
1186 1022 1239 1076 ipso
1258 1021 1360 1064 inanime
1387 1024 1442 1064 sunt
1463 1021 1512 1073 usi,

252 1111 323 1155 tacito
339 1123 410 1165 saepe
426 1109 606 1162 eiusnomine,
635 1109 672 1152 rel
687 1108 708 1152 si
727 1108 781 1151 uoti
799 1107 887 1165 aliquid
908 1109 1053 1162 attuleruut,
1080 1109 1125 1152 hoc
1149 1122 1242 1167 quoque
1267 1111 1329 1164 apud
1354 1107 1513 1162 Reinaeiam,

252 1197 378 1252 Donium,
398 1195 555 1250 Fabi-ettam,
576 1193 704 1250 Gadium,
729 1193 916 1250 Mmata'riam,
941 1193 1087 1258 llInffeiam,
1112 1194 1243 1241 Donatum
1266 1197 1375 1254 aliosque
1391 1197 1513 1243 invenies.

253 1287 302 1332 llos
327 1291 406 1340 certe,
433 1286 479 1332 etsi
497 1287 599 1330 inanima
619 1298 690 1340 saepe
709 1297 764 1328 cum
781 1285 893 1329 molestia
910 1285 1042 1329 ismuensos
1060 1286 1115 1330 illos
1134 1283 1270 1340 Graseovii,
1300 1282 1420 1339 Graevii,
1445 1281 1515 1329 Bar·

251 1375 353 1430 manni,
379 1371 523 1434 sallengrii
540 1388 567 1418 ac
585 1371 673 1417 Poleni
691 1373 832 1426 thesauros,
858 1374 1060 1432 municip-alesque
1084 1373 1198 1418 historias
1216 1374 1277 1420 bene
1296 1375 1383 1419 inultus
1397 1354 1512 1418 'versavi-

251 1478 319 1518 mus,
340 1477 427 1519 operae
446 1468 524 1508 tamen
544 1463 647 1518 pretium
665 1461 791 1505 admodum
804 1475 861 1505 raro
876 1459 986 1507 lecimus.
1024 1463 1100 1518 Saepe
1113 1463 1195 1517 etiam,
1209 1463 1343 1520 Antiqnnrii
1356 1463 1510 1518 praesertim,

251 1567 297 1598 nou
320 1551 501 1608 inscriptionum
518 1551 590 1594 ruodo
608 1563 725 1606 corpora,
754 1551 815 1594 unde
833 1549 994 1604 profecerint,
1023 1552 1065 1596 sed
1084 1552 1137 1595 loca
1159 1564 1253 1622 guoque
1280 1565 1395 1596 senorum
1413 1549 1513 1594 silentio

252 1645 376 1696 prunnon
408 1653 431 1684 v.
448 1653 470 1684 c.
489 1644 514 1683 ut
535 1628 638 1699 illustr-iri
660 1639 784 1696 utriusque
806 1639 903 1696 generis
926 1640 1035 1694 exempla
1059 1638 1195 1695 proteram,
1211 1637 1348 1706 *Antonius
1374 1651 1422 1683 ean
1444 1637 1513 1682 Dule

252 1733 283 1775 et,
294 1725 415 1774 Claudiae
432 1725 477 1771 Vic
491 1723 661 1785 losepleaepae
678 1723 812 1771 Vaieeette.
832 1723 956 1782 (Histoire
970 1725 1091 1787 generale
1106 1725 1137 1771 de
1153 1725 1305 1787 Languedoc
1325 1726 1412 1773 Paris.
1431 1720 1510 1772 1730.

251 1818 282 1864 Τ.
302 1816 326 1861 1.
346 1819 376 1862 ad
391 1815 502 1870 calcem.)
529 1829 573 1861 nec
589 1817 689 1870 desunt,
718 1817 758 1874 qui
777 1815 859 1871 spuria
877 1817 915 1861 rel
934 1817 1017 1872 cupide
1036 1815 1108 1860 nimis
1126 1816 1289 1872 arripuerint,
1317 1817 1354 1861 vel
1374 1817 1437 1860 ultro
1453 1817 1514 1860 talia

254 1904 377 1952 bernuini.
614 1951 617 1958 ,

319 1985 457 2038 lrtnnvs
484 1989 605 2048 (Petrae)
633 2005 687 2038 cum
711 1992 779 2036 socio
803 1988 996 2037 bartholomaeo
1021 1989 1171 2038 emensio
1198 1994 1335 2048 complures
1365 1993 1413 2038 ism
1439 1991 1514 2037 babet

249 2084 370 2138 iuscriptt.
393 2082 587 2134 cerumenticias,
613 2086 639 2126 ut
657 2082 746 2137 passim
761 2081 842 2126 videre
859 2081 915 2128 licet
933 2083 969 2127 vel
986 2075 1050 2127 intel
1065 2083 1148 2138 spuria
1163 2078 1286 2136 Grateri;
1305 2081 1422 2125 iuniorem
1438 2083 1513 2126 etiam

251 2176 420 2227 corruptarum
437 2183 572 2215 numerum.
610 2171 663 2226 lpse
678 2183 737 2216 vero
753 2171 867 2226 Apianus,
888 2171 960 2216 etiarn
972 2171 993 2215 si
1003 2170 1255 2230 trequentes-abalim,
1275 2170 1298 2214 in
1311 2169 1513 2226 Hispaniensibus

250 2261 409 2317 praesertim,
425 2261 552 2314 deeeptus,
573 2255 695 2302 bonafide
711 2259 805 2303 ridetur
820 2259 908 2316 egisse.

309 2347 544 2394 vsnnuonunsts
564 2345 773 2402 (Sebastianus.)
799 2345 836 2389 De
854 2345 899 2390 hoe
918 2346 1049 2392 andiendus
1068 2351 1105 2391 est
1123 2347 1225 2392 illustris
1242 2347 1333 2392 ainicns
1355 2343 1438 2391 nostbr
1456 2346 1511 2390 CA-

251 2437 373 2482 mnuvs
387 2413 499 2482 'uuum
524 2435 548 2480 n
573 2429 742 2490 commentari
764 2431 827 2477 ani·
854 2432 947 2478 araneo
973 2432 1001 2479 ιι
1023 2431 1131 2478 ericen
1154 2433 1226 2494 degit
1249 2435 1311 2479 asni
1337 2433 1413 2479 iuis.
1442 2433 1509 2480 isis

249 2521 366 2569 Breecia.
388 2519 464 2569 182⁰.
485 2521 511 2570 8.
531 2535 554 2578 p.
571 2519 630 2566 111.
667 2521 756 2578 „Depo
774 2516 812 2566 cib
830 2521 848 2566 il
870 2522 916 2581 sig.
936 2522 1036 2567 LABUS
1055 2522 1219 2568 c’intrstteuue
1238 2524 1334 2568 intorno
1351 2523 1380 2567 ad
1401 2537 1430 2568 un
1446 2523 1512 2566 libro

251 2613 379 2657 rarissimo
398 2613 421 2656 di
440 2611 528 2656 antichi
548 2610 695 2655 mouumenti
714 2608 835 2654 bresciaui
859 2611 961 2665 sculpilo
982 2611 1007 2654 in
1029 2611 1099 2669 legno
1123 2612 1161 2658 uel
1185 2613 1268 2667 secolo
1292 2611 1467 2664 sesloilecimo,
1498 2627 1512 2656 e

251 2701 350 2745 tuttavia
374 2700 541 2760 incognito¹ni
567 2698 665 2757 primarj
686 2699 807 2744 collettori
829 2699 851 2743 di
873 2696 1000 2752 autiobitb,
1033 2700 1071 2744 del
1095 2699 1120 2743 in
1139 2703 1223 2743 nostro
1242 2700 1401 2746 coucittsdiuu
1419 2699 1510 2744 SEBA-

251 2787 369 2834 saletto
393 2786 595 2833 succussu.
642 2785 661 2830 ll
690 2786 753 2830 libro
778 2782 790 2828 ὲ
815 2787 838 2832 di
864 2783 896 2830 34
915 2787 1001 2846 pagine
1026 2788 1143 2844 impresse
1170 2803 1216 2832 con
1242 2789 1319 2833 tnvole
1344 2789 1467 2847 intagliate
1487 2789 1512 2832 iu

251 2879 337 2936 legno,
358 2878 381 2920 la
400 2881 466 2921 carta
485 2871 497 2920 d
516 2876 539 2919 di
557 2875 631 2920 londo
650 2888 710 2920 nere
729 2888 774 2920 con
793 2876 877 2920 lettere
896 2875 1010 2930 biauclre,
1040 2877 1063 2920 tn
1081 2890 1124 2920 sun
1142 2876 1220 2921 torma
1238 2873 1250 2922 i
1270 2878 1292 2921 di
1311 2878 1404 2932 piccuto
1423 2877 1510 2936 foglio,

252 2980 264 3011 e
283 2965 322 3010 uel
341 2964 495 3020 frontispicio
513 2977 558 3010 con
577 2963 651 3008 toudo
668 2963 796 3018 perimenti
815 2977 875 3008 uero
893 2978 907 3008 s
926 2965 1010 3009 lettere
1029 2963 1128 3008 binuclre
1148 2965 1168 3008 si
1193 2965 1261 3023 legge
1280 2963 1442 3008 lllonuncentu
1464 2978 1511 3008 an·

252 3054 322 3112 tiqaa
342 3051 418 3098 Vrbis
437 3057 461 3096 et
478 3053 539 3113 agri
555 3048 682 3096 Brixiani
700 3065 716 3094 a
734 3065 773 3095 me
792 3049 942 3098 Sebastiano
960 3051 1122 3112 draganensi
1136 3053 1234 3111 pictore
1258 3051 1388 3098 Brixiam
1411 3065 1513 3098 samnia
1552 3093 1554 3105 ,

250 3152 315 3186 cura
332 3147 362 3188 et.
375 3140 512 3202 diligentia
529 3141 644 3186 collecta.
661 3138 701 3186 Μ.
715 3141 746 3186 l).
762 3139 869 3186 thttt.
907 3127 926 3186 il
946 3141 992 3188 beu
1010 3129 1084 3196 sero,
1110 3157 1123 3186 e
1147 3143 1165 3187 il
1189 3147 1273 3188 nosue
1297 3143 1364 3187 socio
1384 3144 1407 3186 lo
1427 3155 1511 3198 prora,

251 3231 293 3276 che
314 3243 360 3275 uon
378 3232 432 3274 tutti
451 3231 459 3274 i
475 3230 622 3274 monumenti
639 3230 670 3274 ivi
689 3231 789 3274 raccolti
805 3243 865 3274 sono
884 3230 1019 3285 brescinui,
1050 3245 1062 3276 e
1087 3231 1129 3275 che
1150 3232 1173 3275 si
1196 3243 1257 3276 souo
1282 3232 1343 3276 delle
1368 3232 1512 3276 inesnttezee

252 3334 299 3364 nou
315 3319 405 3375 pocbe,
434 3320 472 3364 dal
493 3324 578 3364 nostro
597 3318 665 3364 socio
684 3319 828 3364 dottamenta
844 3323 975 3364 eorseueu
1009 3318 1172 3372 luessttezee,
1204 3320 1228 3364 in
1247 3321 1285 3366 cui
1304 3321 1459 3379 l'Arogonese
1475 3320 1511 3364 iu·

251 3421 322 3454 eorse
341 3421 457 3462 penates·
473 3407 567 3463 copiato
582 3407 724 3452 ledelmeute
741 3408 763 3452 le
778 3406 866 3452 selrede
881 3407 919 3452 del
938 3408 971 3452 V.
991 3405 1091 3452 TOL'I'l
1110 3408 1216 3462 servite,
1235 3398 1264 3453 ’11
1280 3408 1350 3466 quale
1370 3420 1443 3453 usava
1461 3411 1512 3452 tw

252 3498 345 3541 scriver
362 3497 383 3540 le
401 3495 484 3550 lapidi,
504 3495 546 3540 clue
561 3495 595 3553 gli
612 3508 686 3540 erano
702 3494 740 3538 dal
756 3495 878 3549 munnio,
898 3496 959 3540 dell'
974 3495 1078 3549 llrsiuo,
1094 3509 1108 3540 e
1123 3497 1152 3539 da
1167 3497 1256 3541 diversi
1271 3497 1341 3541 sunici
1351 3499 1509 3548 comunitate,

252 3598 324 3630 seusa
339 3589 440 3629 nomene
456 3596 551 3638 sempre
569 3584 591 3628 la
606 3583 781 3637 proveniente:
802 3579 881 3628 sicclrd
897 3585 1013 3630 trovatele
1027 3585 1064 3638 sel
1075 3597 1120 3630 suo
1130 3585 1221 3640 codice,
1240 3586 1344 3630 credetle
1358 3585 1511 3644 l’Atagonese

253 3673 295 3717 cbc
311 3671 391 3717 losser
406 3672 430 3716 di
449 3672 557 3716 Bremia.
596 3670 683 3715 Errori
700 3672 730 3715 ed
744 3670 903 3726 inssettezze,
924 3673 968 3717 che
986 3674 1130 3730 sperirauno
1149 3656 1320 3732 lutei-amente,
1340 3686 1382 3727 se,
1408 3686 1476 3719 coine
1494 3673 1512 3716 il

253 3765 337 3804 nostro
353 3761 488 3818 antiquario
508 3758 629 3815 (LABUS)
648 3765 782 3814 promette,
807 3759 964 3817 pubblieberb
981 3762 989 3805 i
1008 3762 1093 3806 inermi
1111 3763 1163 3806 tutti
1179 3763 1241 3808 della
1259 3763 1338 3818 patria
1352 3767 1450 3815 nostra,
1475 3763 1512 3806 in·

253 3855 324 3894 toruo
339 3849 361 3893 ai
378 3831 446 3908 qiinli
457 3851 486 3892 da
501 3848 551 3906 vari
568 3849 622 3892 anni
639 3852 676 3891 sta
692 3849 831 3894 lavorando.
878 3850 962 3907 Questi
981 3851 1056 3895 ditetti
1073 3846 1132 3906 perd
1150 3865 1196 3895 non
1213 3851 1312 3910 tolgono
1328 3852 1345 3896 il
1361 3851 1449 3896 merito
1465 3851 1513 3896 alla

252 3939 374 3990 raccolta,
404 3939 426 3981 di
443 3938 480 3983 cui
495 3938 516 3982 si
533 3937 615 3992 parta,
644 3937 773 3982 dovendosi
790 3938 889 3992 insece,
918 3939 1023 3983 secondo
1043 3939 1140 3983 l'avrieo
1159 3939 1197 3983 del
1217 3939 1262 3997 sig.
1301 3938 1417 3993 LAllUS,
1437 3953 1450 3984 e
1469 3952 1512 3996 per

251 4029 275 4071 tn
291 4041 384 4070 soiinua
403 4026 492 4082 peritia
508 4027 546 4070 del
562 4025 697 4079 collettore,
718 4027 784 4081 epel
799 4026 871 4070 modo
887 4040 932 4070 con
947 4027 984 4072 cni
999 4027 1024 4070 lu
1044 4027 1111 4080 latta,
1131 4027 1210 4070 aversi
1226 4027 1360 4072 carissimu.
1391 4024 1512 4084 Eppercid

253 4116 476 4162 conalcuuicenui
495 4114 620 4159 sullaeita
641 4115 696 4160 detl'
714 4113 922 4170 ARAGONESE,
950 4116 1041 4174 egula
1065 4116 1143 4160 storia
1170 4116 1191 4160 ci
1211 4111 1299 4170 espode
1318 4116 1341 4160 di
1361 4121 1446 4176 questo
1467 4131 1511 4160 suo

252 4207 346 4250 invoco.
382 4198 421 4248 Du'
434 4204 467 4248 lui
483 4203 668 4262 suppiamolche
687 4203 843 4263 l'Arngouese
859 4218 948 4262 uaeque
963 4205 987 4248 in
1007 4204 1083 4250 Gbedi
1099 4217 1186 4264 grosso
1201 4203 1279 4262 borgo
1298 4203 1424 4250 bresciane
1437 4217 1511 4250 verso

253 4295 332 4338 l'nnno
349 4289 431 4338 ¹523:
452 4293 494 4342 cine
510 4292 570 4337 ebbe
586 4306 601 4336 a
615 4293 720 4350 genitori
734 4293 850 4348 Aliouso,
878 4307 892 4338 e
911 4292 1024 4338 Celerina
1040 4293 1217 4349 'l'rouconulin;
1234 4293 1286 4339 ·che
1303 4295 1319 4338 il
1337 4278 1457 4353 ligunggio
1470 4307 1511 4338 ers

253 4387 371 4435 onorato,
400 4377 546 4427 essendoche
570 4395 615 4426 suo
636 4394 680 4426 avo
705 4394 749 4436 per
767 4395 836 4426 nome
856 4393 902 4436 pur
922 4381 1064 4426 Sebastiano
1085 4381 1109 4424 tn
1130 4378 1266 4438 qualificato
1284 4380 1390 4426 Anticus
1410 4380 1513 4428 Nicolai

255 4465 344 4516 Vrsini
358 4467 525 4530 Imperatoris
545 4467 665 4514 Venetam
681 4475 704 4514 et
721 4469 902 4530 ludimagister
917 4469 1159 4514 excellentissimae.
1180 4493 1213 4504 -
1250 4467 1332 4516 Sicchb
1348 4471 1413 4514 bassi
1430 4483 1444 4514 a
1459 4483 1511 4516 cre-

254 4561 310 4604 dere
328 4559 372 4608 che
389 4560 405 4602 il
422 4563 505 4602 nostro
523 4559 610 4614 pitture
626 4559 691 4602 fosse
708 4559 810 4602 allevato
826 4571 869 4601 con
886 4558 1021 4616 diligeuza.
1042 4558 1113 4602 erbe
1129 4557 1262 4613 imperasse
1279 4561 1300 4604 le
1317 4559 1395 4604 huone
1412 4559 1458 4602 urti
1473 4559 1512 4604 dal

255 4650 342 4702 padre,
371 4619 414 4692 ibe
430 4660 475 4702 pur
489 4645 514 4690 tu
530 4647 620 4702 pitture
635 4647 658 4689 di
675 4647 841 4701 professione,
865 4659 878 4690 e
894 4645 1018 4690 chefosse
1034 4647 1127 4690 uitiato
1142 4647 1189 4692 alle
1205 4647 1279 4692 nobili
1296 4647 1420 4702 discipline
1439 4661 1455 4691 o
1474 4649 1510 4699 nel

255 4736 371 4794 tliunasio
386 4735 492 4784 istituito
504 4747 549 4778 con
565 4733 660 4788 publico
675 4735 771 4778 decreto
790 4735 829 4779 uel
850 4731 932 4786 1³27,
948 4749 976 4776 uo
997 4747 1082 4790 pressu
1103 4737 1172 4779 alcun
1192 4736 1330 4791 professore
1349 4736 1460 4808 pri'veto,
1488 4737 1511 4780 di

254 4825 297 4870 cbe
312 4825 412 4869 ltrescin
426 4835 449 4866 in
465 4822 519 4878 que'
534 4822 607 4878 tempi
622 4821 770 4866 abbondavn.
809 4819 879 4866 Nulla
895 4817 955 4877 perd
971 4823 991 4866 si
1008 4819 1055 4878 pud
1070 4823 1093 4867 di
1112 4829 1180 4868 cerlo
1194 4825 1322 4870 affermare
1338 4826 1376 4870 sui
1383 4825 1510 4882 progressi
