3466 5928
368 489 424 548 ⁵i6
884 477 1087 551 EPISTULA

367 618 472 676 '1'va
491 633 620 691 quattuor
643 597 837 690 quadrigarum
857 619 1033 672 Circensium
1056 616 1185 686 vidisset,
1207 637 1241 674 ex
1258 619 1465 694 Diptychornm
1484 621 1597 686 suorniu,

367 709 529 768 Leodiensis
545 714 788 778 et'Bituticensir,
813 717 889 783 cquis
906 715 1016 766 nonnisi
1036 712 1158 780 duobus,
1183 729 1313 784 quantum
1333 716 1443 786 coligit,
1465 730 1521 768 non
1539 730 1596 766 con·

367 802 489 859 fecisset.
526 806 590 859 Duo
612 824 696 877 equos
721 811 788 858 istos
811 805 845 858 etl
866 805 946 859 ludos
968 806 1111 861 Circenses
1134 823 1259 879 spectare
1277 805 1350 868 haud
1368 824 1483 880 negem:
1511 823 1538 861 st
1556 809 1598 860 ft·

366 904 493 952 ctionem
513 916 657 952 numerum
683 899 794 952 caedent
812 904 989 964 imminutum
1012 898 1111 954 docere
1131 916 1188 952 non
1210 898 1291 953 facile
1309 899 1384 955 dem.
1435 900 1536 956 Manu
1554 918 1597 972 ego

257 985 262 990 ’
367 991 476 1062 quidem
498 1008 572 1046 certe
592 991 646 1046 duo
662 993 864 1066 Diptyclturunt
884 991 1154 1050 Wiltltentiauurutu
1179 1007 1263 1063 equus
1287 993 1424 1066 explicare
1447 1011 1483 1046 es
1501 995 1542 1048 his
1558 993 1599 1046 Se-

366 1091 472 1141 natorit
501 1087 621 1141 Varius.
651 1087 707 1140 loc.
738 1092 788 1142 cit.
818 1085 921 1140 verbis:
958 1082 1046 1158 Equi,
1062 1086 1226 1152 desrtliort'i,
1258 1105 1310 1158 per
1342 1104 1411 1158 quus
1440 1089 1598 1142 Circensium

366 1185 511 1232 mirtistros
541 1187 642 1234 nasses
674 1180 842 1232 denuntiasti
870 1184 1016 1247 exiirtros,
1047 1179 1174 1251 Lucisors'
1202 1184 1416 1250 praecursorias
1443 1180 1599 1237 velocitates

1128 1263 1131 1281 .

365 1278 524 1328 imitantur.

443 1369 477 1422 fn
503 1368 643 1442 Diptychu
666 1371 817 1422 Veronensi
845 1364 942 1420 itidem
973 1359 1028 1420 duo
1059 1364 1194 1420 eiusmodi
1224 1369 1288 1438 equi
1320 1382 1500 1442 spectantur,
1529 1368 1597 1422 Mur.

368 1461 474 1516 Veron.
492 1477 554 1536 pag.
577 1462 671 1522 cille
691 1459 763 1532 quud
782 1460 953 1534 Diptychuut
974 1477 1030 1512 nou
1050 1459 1179 1515 Consulis
1201 1464 1312 1528 incerti,
1330 1476 1360 1514 ut
1380 1461 1499 1534 putabat
1517 1459 1596 1514 editur

367 1553 508 1621 inlustria,
540 1551 587 1607 sed
606 1551 727 1606 eiusdem
752 1557 866 1606 omnino
886 1555 1023 1606 Anastasii
1046 1571 1120 1620 esse,
1156 1559 1234 1606 cuiue
1256 1551 1310 1606 duo
1331 1555 1475 1628 Diptycha
1497 1553 1595 1608 dederat

367 1647 569 1712 Wilthemlus,
592 1645 625 1699 ad
646 1647 712 1712 TE,
743 1648 968 1700 Eminentissime
991 1647 1160 1717 Qvttttu'ti,
1190 1649 1330 1714 Brixiam,
1360 1663 1511 1720 antequam
1531 1665 1595 1702 sere·

366 1743 496 1794 uissitnae
516 1742 594 1812 Reip.
619 1741 755 1807 veneten,
788 1741 877 1792 eltnae
895 1746 992 1794 matris
1012 1741 1126 1808 TVAE,
1158 1741 1326 1814 legationem
1345 1744 1501 1796 Romanam
1522 1745 1596 1795 surci-

367 1851 463 1906 peres,
490 1847 517 1888 et
537 1833 571 1886 ad
591 1833 644 1888 Iul.
670 1835 863 1888 Marchionent
882 1833 1078 1888 MAFiEtvM
1099 1837 1255 1900 Veronam,
1285 1849 1357 1888 anno
1376 1838 1521 1911 superiore
1538 1839 1595 1890 scri·

367 1932 426 2001 psi,
453 1943 537 2000 quum
558 1932 677 2000 pritnuttt
695 1927 730 1979 nd
753 1946 795 1980 rue
818 1929 948 1980 Museum
966 1933 1024 1980 eius
1045 1941 1117 1981 esset
1139 1927 1269 1982 adlatum.

443 2020 599 2088 „Aedificia
621 2036 714 2074 autern
733 2021 865 2094 Diptychi
889 2018 1048 2074 Leodiensis
1072 2019 1199 2074 videntur
1221 2037 1280 2075 esse
1306 2019 1415 2076 stabula
1444 2020 1596 2076 factionum.

366 2117 462 2168 Victor
485 2121 514 2170 in
534 2115 586 2170 lx.
607 2119 719 2187 regione
738 2114 837 2182 Vrbis,
872 2113 949 2168 dicta
969 2117 1067 2166 Circus
1087 2115 1254 2182 flarrtiuius,
1292 2121 1384 2189 posuit
1403 2116 1517 2168 stabula
1538 2115 1596 2168 llll.

359 2207 534 2280 sarrientem.
572 2208 711 2264 Credibile
729 2223 770 2262 est
790 2223 821 2262 ut
843 2209 960 2276 Romae,
983 2213 1023 2261 ita
1042 2213 1126 2262 etiam
1145 2208 1387 2282 Constantinopoli
1406 2207 1494 2264 luisse
1511 2206 1595 2262 factiu-

366 2299 435 2356 num
457 2299 587 2367 stabula,
605 2317 673 2374 quae
695 2303 742 2354 ltic
762 2299 816 2354 duo
836 2318 915 2367 sunt,
937 2299 1008 2354 forte
1031 2299 1103 2374 quod
1128 2299 1196 2354 duae
1219 2317 1308 2355 essent
1332 2318 1444 2358 tautum
1463 2303 1594 2366 factiones,

367 2411 399 2450 ut
424 2412 505 2469 supra
524 2393 665 2449 dictum.''
691 2389 833 2454 WlLitt.
859 2413 886 2468 p.
904 2397 950 2454 25.
989 2395 1088 2449 Nonne
1106 2394 1282 2448 velVictoris
1303 2393 1380 2450 locus
1400 2397 1436 2449 ab
1456 2393 1593 2474 iproWil·

368 2491 473 2544 themio
495 2487 574 2542 datus
599 2505 728 2560 quattuor
752 2489 856 2542 Rornae
870 2484 1022 2558 factiones
1040 2485 1204 2560 superfuisse
1228 2492 1361 2544 testatori
1381 2491 1492 2544 ‘rva
1513 2505 1592 2543 autent

368 2581 539 2656 Diptycltum
559 2583 676 2635 Romani
696 2598 743 2634 seu
763 2574 952 2634 Occidentalis
975 2581 1096 2633 consulis
1117 2598 1175 2634 etse
1195 2580 1324 2656 deinceps
1343 2581 1508 2639 videbimus.

443 2673 684 2746 Constantinopoli
705 2673 784 2727 aliter
802 2691 862 2752 rem
878 2691 907 2727 se
927 2677 1048 2748 potuisse
1067 2673 1167 2728 hahere
1184 2691 1295 2748 possunt
1314 2676 1482 2748 concedere,
1505 2692 1532 2730 ct
1547 2673 1591 2728 dno

368 2767 493 2821 aedificia
513 2765 546 2820 de
569 2765 684 2821 duarutn
709 2766 902 2822 tantummodo
923 2767 1101 2834 Factiuuum,
1130 2768 1258 2822 Prasiuae
1278 2784 1305 2822 et
1324 2771 1462 2840 Venetae,
1490 2767 1591 2825 stabulis

368 2849 551 2934 explicantem
581 2877 659 2916 tauto
684 2859 793 2914 facilius
821 2859 896 2928 fero,
929 2858 1004 2933 quod
1024 2859 1231 2919 Wiltltemiaus
1252 2863 1391 2937 Diptycha
1420 2868 1589 2920 Anastasiit.

369 2956 427 3010 Cti.
449 2961 514 3016 517.
539 2953 661 3010 consulis
684 2961 740 3009 sint
763 2953 1081 3028 Constantinopolitani,
1105 2971 1162 3008 non
1181 2955 1309 3011 Romani.
1349 2959 1427 3013 iuvat
1447 2960 1520 3017 hanc
1538 2973 1591 3009 cun·

308 3067 313 3084 ·
370 3053 502 3104 lecturam
525 3048 681 3103 Circuicnrt
704 3047 853 3116 Pascitule,
881 3046 953 3120 quod
975 3063 999 3100 a.
1017 3051 1071 3101 Cti.
1091 3051 1154 3109 532.
1182 3047 1348 3103 seditionem
1371 3053 1591 3122 Constantinopo-

368 3129 485 3198 litanaut
503 3141 622 3196 referens
633 3141 798 3214 factionum
816 3145 928 3196 nonnisi
948 3139 1077 3210 duarum,
1099 3142 1229 3196 Prasinae
1245 3159 1272 3197 et
1287 3143 1425 3215 Venetae,
1448 3144 1515 3201 facit
1529 3161 1591 3198 ruru-

370 3241 473 3291 tiouem
497 3253 559 3310 pag.
580 3239 644 3298 536.
657 3238 700 3290 ·C.

445 3338 486 3394 Ad
506 3357 588 3412 quern
608 3341 708 3392 annutu
733 3343 761 3392 lu
783 3343 857 3392 notis
877 3341 933 3390 cuis
955 3337 1073 3410 Cangius
1096 3354 1157 3414 pag.
1174 3341 1239 3398 595.
1260 3355 1330 3394 extr.
1352 3345 1497 3414 antiquum
1518 3335 1590 3394 adfert

368 3432 507 3514 lapidem,
531 3449 624 3504 qttettt,
650 3437 757 3504 iuquit,
784 3451 820 3484 ea·
838 3433 1003 3500 Bullirrgero
1025 3430 1223 3497 describemus,
1247 3438 1311 3504 qrtia
1333 3432 1410 3486 deest
1437 3433 1512 3506 uptsd
1526 3434 1591 3486 Gru-

286 3545 290 3558 *
370 3537 477 3580 terum:
503 3531 577 3580 itane
599 3529 681 3580 verol
706 3531 827 3600 primum
845 3545 896 3598 pro
914 3525 986 3578 Iulio
1012 3525 1371 3581 CaesareBVLENGEin
1388 3529 1506 3596 lesuita,
1522 3527 1590 3578 Heu-

370 3626 457 3674 ricum
479 3619 746 3674 BVLLlNGERVM
764 3623 905 3684 nominat,
937 3633 1078 3673 sacrorum
1099 3619 1239 3674 Ecclesiae
1261 3620 1420 3676 Turicensis
1444 3625 1589 3678 Antistiteut

370 3711 537 3779 secundum,
576 3711 701 3766 liuldrici
725 3712 914 3770 ZWfNGLll
951 3728 1149 3768 successorem.
1182 3709 1257 3767 conf.
1289 3713 1378 3768 Clerc.
1413 3715 1485 3770 Brut.
1516 3711 1587 3766 cius.

368 3809 403 3862 T.
421 3810 470 3862 vt.
494 3827 522 3881 p.
541 3811 606 3865 251.
627 3821 655 3860 et
674 3806 707 3860 P.
726 3807 878 3859 Burmanni
898 3806 1012 3859 Gaaefi.
1037 3814 1164 3856 tueuieur·
1185 3823 1213 3878 p.
1235 3809 1300 3864 224.
1345 3807 1453 3862 Deinde
1479 3815 1588 3880 ignorare

369 3903 489 3974 cangius
508 3916 564 3954 uon
585 3897 715 3966 debebat,
738 3899 969 3972 Bulengetianum
987 3895 1105 3971 lapidem
1126 3903 1184 3974 iam
1200 3895 1284 3953 luisse
1302 3899 1374 3974 apud
1391 3901 1474 3958 Grut.
1492 3907 1551 3962 338.
1566 3901 1587 3950 f.

371 3997 401 4046 in
417 3994 565 4068 notulaque
582 3992 648 4048 edit.
665 3993 746 4048 Grut.
762 3993 876 4046 Amstel.
895 3991 1152 4060 rectsBulengerus
1169 3991 1203 4044 de
1214 3993 1295 4046 Circo
1307 3993 1432 4050 flumana
1449 3995 1587 4048 adducitur.

445 4097 606 4170 Diptychon
624 4096 729 4151 ‘rva
749 4095 953 4161 Occidentalis,
983 4101 1043 4148 non*
1066 4093 1216 4149 Orientalis
1235 4097 1363 4152 Consulis
1386 4115 1460 4170 esse,
1483 4113 1546 4172 quae
1564 4095 1588 4144 ia

370 4205 481 4244 summu
500 4191 641 4265 Diptyclto
661 4205 765 4244 restent
787 4189 900 4255 literae,
923 4188 1040 4242 ducent:

871 4281 1101 4338 tMPAmottva

370 4374 444 4451 quod
463 4373 510 4427 ubi
527 4379 646 4448 primum
662 4373 733 4440 vidi,
758 4381 851 4430 statim
870 4379 963 4448 putavi
981 4380 1086 4446 integre
1096 4373 1250 4447 ‚legendum
1267 4393 1326 4430 csso
1343 4374 1587 4434 curtismonte.

370 4470 410 4534 nd
429 4485 582 4540 annumque
599 4470 704 4522 Christi
723 4473 800 4536 550,
823 4473 868 4540 qui
889 4467 971 4520 ambo
988 4468 1114 4521 consules
1136 4474 1164 4522 irt
1182 4469 1334 4528 Occidente
1351 4469 1456 4536 habuit,
1473 4486 1520 4522 nos
1537 4464 1587 4516 ‹lut-i

371 4563 504 4617 arbitror:
531 4567 594 4633 quia
618 4567 645 4613 iu
666 4563 810 4616 Fastorum
834 4577 954 4616 veterum
975 4561 1070 4628 libris,
1094 4561 1264 4634 Lampauiius
1282 4563 1379 4616 consul
1400 4563 1488 4616 nullut
1506 4575 1586 4613 occur·

370 4662 427 4722 rit,
452 4661 506 4710 nisi
527 4671 580 4726 quo
597 4669 676 4707 anuo
695 4652 801 4708 dictum
821 4656 904 4709 modo
924 4671 987 4726 est,
1015 4656 1126 4706 Orestis
1143 4655 1264 4728 collegae
1293 4661 1393 4727 quique
1412 4653 1587 4726 Lampadisci

370 4753 482 4804 Orestis
501 4746 677 4800 consulatum
700 4747 873 4820 excipiebant
893 4754 958 4801 anui
982 4746 1053 4813 duo,
1075 4749 1130 4801 Cti.
1148 4752 1211 4808 551.
1233 4763 1261 4802 et
1281 4755 1358 4817 532„
1379 4749 1450 4822 quod
1465 4763 1523 4802 suos
1543 4740 1584 4796 ribi

352 4843 497 4898 'consules
515 4841 669 4896 ordinarius
686 4857 775 4912 nequo
793 4841 1036 4914 Constantinopoli
1059 4857 1146 4912 neque
1163 4831 1266 4895 Romae
1282 4841 1436 4914 habehant,
1455 4845 1525 4896 notit
1541 4833 1585 4888 ier·
1646 4896 1647 4913 ,
