3264 5414
290 465 329 525 u
712 451 1113 536 nauseante

287 603 463 718 coningere
493 649 679 722 cogeretur.
739 639 1018 724 Palaeographiae
1054 651 1159 702 autem
1203 641 1409 704 vehementer
1441 639 1541 702 doleo

287 747 402 810 nullam
424 749 494 812 lere
517 751 671 814 rationem
695 773 712 814 a
736 773 785 814 me
807 753 921 814 haberi
943 752 1109 834 potuisse,
1135 772 1202 815 eam
1226 753 1270 816 ob
1284 771 1424 826 calisam,
1448 753 1541 834 quod

285 861 416 922 ‹lecrant
439 862 511 949 typi
530 862 640 925 idonei
663 867 702 926 ad
724 886 822 928 nexas
845 865 914 928 sive
936 864 1051 948 ligatas
1069 863 1270 946 potissimum
1286 863 1395 926 literas
1409 862 1540 950 imitap·

285 975 360 1046 das,
386 995 443 1036 nec
468 975 571 1038 libero
594 976 713 1040 bomini
736 978 892 1042 Helvetio
914 977 1031 1061 regalis
1052 977 1156 1062 aliqua
1181 977 1393 1040 munificentia
1416 978 1539 1039 subve-

285 1084 408 1160 niebat,
444 1108 546 1171 neque
577 1087 608 1150 in
632 1090 717 1152 dubii
740 1089 846 1153 exitus
868 1090 1028 1172 inceptum
1051 1087 1164 1152 nimios
1187 1099 1332 1170 sumptus
1356 1097 1389 1150 ut
1411 1088 1538 1170 impen-

284 1199 379 1289 deret,
391 1181 633 1263 honestissimus
653 1189 852 1285 iedempror‚
877 1224 949 1267 meo
965 1203 1035 1266 iure
1050 1203 1216 1284 postulare
1231 1212 1390 1284 poteram.
1428 1201 1538 1266 Nemo

241 1379 243 1384 ¹
282 1309 381 1392 igitur
404 1313 463 1374 bac
486 1315 525 1375 de
548 1335 584 1378 re
607 1335 727 1378 mertun
749 1314 872 1398 litiget,
899 1315 950 1379 vol
975 1316 1054 1379 adeo
1078 1306 1292 1398 digladieuul
1330 1317 1404 1378 Non
1427 1314 1539 1395 potui,

282 1422 423 1506 inquam.
469 1429 521 1488 Tu
538 1425 564 1490 si
582 1429 748 1507 potueris,
773 1448 837 1513 ego
853 1429 1000 1510 plaudam
1016 1449 1087 1490 cum
1106 1425 1231 1509 primis.
1277 1427 1406 1492 Utinam
1429 1438 1538 1489 autem

187 1537 189 1546 '
282 1537 424 1616 placeret
444 1538 595 1626 lloppio,
614 1540 660 1602 V.
678 1537 747 1615 Cl.,
764 1541 816 1602 cui
832 1540 863 1602 in
877 1542 940 1604 boc
955 1561 1072 1624 genere
1088 1560 1295 1604 omues-nunc
1310 1539 1429 1620 primas
1446 1539 1536 1602 deie-

282 1661 374 1722 ruut,
397 1651 448 1712 vol
460 1650 614 1735 integram
626 1648 899 1737 palaeograpbiae'
909 1652 1003 1716 etiam
1017 1651 1153 1716 Latinae
1166 1653 1343 1715 doctrinam
1356 1671 1534 1734 exponere,

240 1819 243 1830 ,
283 1761 332 1823 vel
355 1761 496 1826 eiusdem
518 1764 628 1827 saltem
657 1764 878 1850 compendium
909 1764 1102 1828 discentibus
1126 1763 1296 1830 exhibere!
1357 1766 1428 1828 Nee
1450 1785 1536 1828 vero

281 1873 377 1936 bodie
400 1888 475 1955 post
497 1875 763 1960 lithograpbicam
786 1888 885 1940 artem
908 1877 1067 1940 inventam
1090 1899 1141 1940 res
1161 1890 1208 1940 est
1224 1877 1315 1940 nimis
1331 1889 1536 1959 sumptuosa,

176 2056 181 2064 ¹
282 1985 420 2070 ideoque
443 1989 574 2064 eruditis
591 1988 772 2053 bominibus
788 1993 958 2074 denegata.
1004 1990 1162 2054 Libenter
1177 1989 1321 2075 equidem
1339 1990 1389 2052 vel
1404 2000 1535 2052 uentrim

194 2138 198 2148 ·
280 2101 403 2162 tabulas
437 2099 691 2185 lithograpbicas
725 2102 809 2167 libro
843 2125 916 2168 meo
949 2101 1102 2187 subiungi
1138 2123 1320 2179 curassem,
1360 2103 1536 2166 dummodo

280 2211 430 2276 licuisset.
1543 2211 1547 2218 ’

365 2325 452 2390 Meis
471 2339 573 2390 autem
597 2327 630 2391 in
650 2329 907 2394 adnotationibus
924 2327 1165 2394 conseribendis
1183 2325 1535 2411 Hagcubucbianisque

219 2445 223 2453 “
279 2439 491 2518 excerpendis
513 2439 665 2502 brevitati
686 2441 827 2504 inaximo
850 2461 950 2522 opere
973 2440 1095 2516 studui,
1132 2437 1189 2504 nisi
1217 2439 1270 2502 ubi
1293 2460 1344 2501 res
1373 2437 1462 2520 ipsa,
1497 2451 1535 2502 ut

280 2549 375 2610 latius
398 2549 590 2633 aliquantum
614 2553 830 2634 exspatiarer‚
865 2555 1033 2616 suaderet:
1071 2551 1294 2634 inscriptiones
1324 2551 1404 2614 enim
1435 2572 1532 2636 quam

277 2661 431 2742 plurimas
453 2660 485 2724 in
509 2663 699 2745 compendio
723 2663 847 2727 licitum
866 2675 969 2740 esset,
994 2685 1057 2729 non
1083 2685 1162 2728 vero
1184 2664 1430 2729 commentarios
1453 2667 1533 2727 dare

277 2773 517 2838 constitueram.
587 2775 657 2854 Qua
696 2775 729 2838 in
765 2798 802 2840 re
841 2776 869 2840 si
908 2777 986 2861 quid
1024 2787 1190 2858 peccatum
1226 2789 1291 2852 est,
1330 2778 1455 2840 abunde
1482 2776 1529 2852 id,

166 2908 169 2917 ¹
277 2886 415 2966 opinor,
449 2887 706 2969 compensabitur
735 2888 911 2972 appendice
942 2891 1059 2964 altera,
1097 2889 1259 2954 variorum
1283 2885 1436 2971 epistolas
1460 2888 1531 2970 epi-

220 3045 223 3060 .
278 2999 447 3082 graphicas
471 3000 673 3078 continente,
697 3023 795 3088 qtias,
820 3003 879 3066 hac
901 3001 1013 3066 edendi
1037 3001 1276 3084 opportunitate
1298 3001 1383 3063 haud
1406 3002 1528 3076 oblata,

276 3113 443 3175 diuturnae
463 3116 612 3178 tenebrae
634 3114 665 3176 in
688 3125 854 3196 posterum
870 3137 1000 3201 quoque
1014 3114 1221 3196 pressissent.
1268 3113 1530 3194 Typothctarum

276 3225 448 3306 specimina
467 3223 556 3308 ipse,
585 3238 699 3310 quater
717 3227 863 3312 singula,
891 3225 1068 3292 emendavi.
1113 3229 1256 3292 Errores
1280 3226 1421 3308 aliquot,
1453 3246 1532 3307 per-

275 3359 397 3419 paucos
420 3351 537 3416 tamen,
561 3340 608 3402 sic
629 3361 757 3425 quoque
779 3341 979 3416 remansisse,
997 3361 1155 3424 nunquam
1172 3339 1313 3422 negabo.
1344 3339 1408 3416 Sed
1422 3339 1530 3400 nullus

275 3451 478 3530 publicorum
503 3472 672 3542 censorum
693 3455 845 3537 (quouim
865 3452 1023 3536 benignus
1044 3471 1128 3514 nunc
1149 3461 1197 3514 est
1218 3452 1382 3522 raimerus)
1405 3449 1528 3512 erroris
1617 3451 1618 3454 ’

275 3583 324 3624 mc
344 3558 511 3638 accusato,
532 3573 698 3647 autequam
718 3564 820 3626 libros
836 3586 964 3642 omues,
989 3585 1125 3647 qiiorum
1146 3563 1368 3626 auctoritatem
1391 3559 1527 3644 singulis

274 3676 305 3735 in
325 3673 404 3738 loeis
426 3675 533 3750 laudo,
558 3679 625 3758 ipse
640 3675 827 3759 inspexerit.
873 3677 1000 3740 Etenim
1020 3677 1105 3752 scio,
1131 3697 1179 3740 me
1198 3686 1230 3738 et
1247 3683 1398 3738 accurate
1415 3672 1526 3737 titulos

274 3785 529 3868 transcripsisse,
566 3801 597 3853 ct
630 3792 760 3867 sedulo,
799 3801 835 3854 ut
867 3791 962 3854 officii
995 3788 1056 3852 niei
1088 3799 1177 3864 erat,
1213 3807 1323 3852 omnes
1352 3786 1477 3850 tabulas
1508 3804 1528 3846 a

274 3901 450 3981 typothetis
470 3901 544 3966 mibi
564 3902 674 3966 missas
693 3902 889 3966 correxisse.

358 4013 526 4095 Aiiparatu
542 4027 644 4078 autern
661 4017 938 4100 Hageubucbiano
958 4014 1137 4080 accuratius
1154 4011 1326 4088 recensito,
1350 4009 1522 4082 librorum,

273 4125 387 4208 qttibus
409 4137 575 4207 praeterea
600 4149 674 4190 usus
698 4151 787 4204 sum,
811 4129 944 4191 indicem
967 4149 1038 4190 eum
1061 4125 1224 4190 dumtaxat
1246 4128 1290 4188 ob
1313 4125 1407 4186 finem
1430 4121 1524 4188 exbi-

272 4241 354 4312 beo,
378 4251 413 4302 nt
435 4251 468 4300 et
489 4249 601 4313 notae,
627 4241 741 4324 quibus
764 4240 908 4325 singulos
931 4240 1116 4326 designavi,
1144 4237 1267 4302 facilius
1290 4236 1519 4321 intelligantur,

208 4357 210 4362 ’
270 4361 314 4424 ct,
339 4350 394 4434 qui
417 4350 493 4414 mibi
515 4354 617 4414 adbuc
639 4353 815 4428 defuerint,
840 4353 945 4416 statim
967 4351 1142 4416 lectoribus
1165 4359 1329 4431 appareat.

342 4520 505 4577 Scribebam
526 4520 624 4574 ‘l‘urici
645 4525 712 4594 ipsis
733 4521 866 4576 Kalendis
888 4524 1023 4578 lanuariis
1043 4523 1085 4576 Μ.
1105 4513 1212 4574 DCCC.
1233 4517 1355 4573 xxvtt.
