3264 5414
283 416 323 480 56
593 421 595 424 ’
1146 423 1159 455 ·

281 563 406 609 titulorum
428 559 487 606 tides
507 562 659 630 antiquorum
681 559 820 608 labefactari
843 566 867 608 et
886 563 962 608 erecti
983 561 1101 608 ridetur!⁹
1119 585 1152 600 ·-
1171 581 1201 596 ·-
1221 561 1281 616 ,lde
1301 574 1360 608 sero
1378 561 1531 619 experientia

281 651 376 708 docuit,
393 653 460 699 cami
477 651 667 706 procedendum,
687 650 726 696 ubi
742 652 770 698 de
789 651 892 710 antiquis
911 652 976 697 asaia
990 653 1085 711 agilum
1104 651 1174 698 facile
1188 664 1288 708 mmque
1305 655 1342 696 est
1355 652 1531 706 suppositionis

279 745 362 786 nutam
379 739 507 797 appingere
525 739 686 792 documentis,
709 752 770 797 quae
791 744 869 784 tamen
887 739 950 786 tatu
968 754 1014 784 uon
1030 739 1110 787 suut.”
1157 739 1192 784 lta
1209 739 1346 784 rectissimo
1365 739 1454 784 iudicio
1471 753 1531 784 usus

280 827 367 887 Lupus
383 827 408 878 ln
427 823 563 885 Epitaphio
582 823 610 872 S.
632 825 747 872 Seuerus.
765 840 821 888 pag.
846 825 887 874 tl.
907 850 940 862 -
960 829 1080 874 Videlicet
1099 833 1196 888 praeter
1218 841 1264 883 ea,
1292 841 1352 886 quse
1375 832 1456 873 notatu
1474 832 1533 872 sunt

281 931 295 960 u
313 912 427 969 Klotss'o,
455 914 479 962 in
498 913 544 968 'noc
566 928 659 973 quoque
677 928 787 971 peccasse
808 916 901 960 videtur
918 915 1095 972 marculus,
1127 917 1193 962 cuius
1217 917 1309 975 reliqua
1326 917 1412 961 merita
1428 917 1533 960 immor-

281 1005 338 1052 talia
354 1015 425 1054 nemo
442 1015 480 1047 me
501 1002 613 1048 libentius
637 1005 757 1063 agnoscit,
783 1005 845 1063 quod
867 1004 942 1050 sicubi
970 1005 1059 1050 insoliti
1083 1005 1171 1063 aliquid
1193 1018 1239 1049 non
1260 1005 1338 1053 solam
1362 1004 1386 1048 iu
1408 1003 1532 1049 sermonis

281 1091 374 1146 fornia,
397 1091 439 1136 sed
461 1091 532 1140 eliasu
548 1091 571 1136 iu
590 1092 725 1142 nominibus
744 1093 864 1148 propriis,
884 1093 909 1138 in
928 1093 1059 1138 bonoribus
1080 1098 1105 1138 et
1125 1092 1224 1149 publicis
1243 1098 1267 1138 et
1283 1091 1481 1148 municipalibus,
1504 1093 1532 1136 in

229 1241 233 1247 ¹
281 1177 367 1225 officiis
385 1179 518 1226 minoribus
535 1193 563 1230 ac
578 1179 719 1235 servilibus,
742 1183 765 1225 in
789 1181 927 1226 muneribus
948 1181 1107 1237 militaribus,
1140 1181 1164 1227 ln
1184 1181 1256 1226 rebus
1279 1181 1373 1226 undem
1400 1181 1476 1224 ascris
1509 1184 1536 1226 et

280 1269 386 1312 Deorum
404 1267 505 1322 menime
524 1269 700 1324 municipalium
724 1269 948 1315 commemoratione
973 1273 1128 1324 occurreret,
1154 1269 1194 1314 ille
1211 1270 1281 1314 nimis
1297 1269 1385 1314 leviter
1402 1269 1484 1314 statim
1499 1269 1531 1313 de

281 1356 369 1422 talibus
391 1355 570 1412 subdubitant,
589 1357 626 1402 rel
646 1370 675 1402 eo
694 1369 795 1413 prorsus
812 1358 938 1402 reiiceret:
962 1371 1052 1416 neque,
1075 1359 1131 1403 dum
1145 1358 1222 1402 fallaci
1241 1357 1311 1402 nimis
1325 1357 1426 1401 arbitrio
1445 1361 1534 1402 cuncta

282 1445 311 1488 ad
330 1445 468 1490 italicorum
485 1445 535 1489 iere
551 1445 665 1489 amussim
681 1446 768 1504 erigit,
792 1450 850 1490 satis
869 1446 968 1492 attendit
982 1447 1011 1490 ad
1027 1459 1079 1491 enm
1097 1459 1189 1504 quoque
1205 1450 1343 1501 perpetuam
1355 1427 1532 1499 diversitatem,

281 1546 343 1590 quse
366 1531 428 1580 inter
448 1533 570 1577 rariorum
589 1534 731 1588 populorum
743 1533 872 1578 ‘Romnae
892 1535 976 1618 ditioni
993 1534 1155 1580 subiectorum
1174 1535 1255 1578 titulos
1273 1533 1408 1578 intercedit.
1457 1533 1531 1590 Quod

281 1633 341 1665 vero
357 1615 474 1666 Klotcs'us
492 1621 617 1670 verissime
635 1625 716 1666 monet
736 1621 764 1666 de
785 1623 904 1667 sermome
924 1623 1073 1667 affectatione
1095 1623 1118 1666 iu
1140 1622 1205 1666 saxis
1229 1635 1299 1680 quam
1317 1621 1426 1677 plurimis
1445 1633 1473 1664 sc
1491 1625 1532 1664 tu·

281 1722 368 1763 mose,
387 1709 498 1760 diuturno
517 1723 560 1756 usu
580 1681 678 1754 edoctus
696 1708 749 1753 boc.
756 1708 898 1756 observasse
916 1710 973 1755 mibi
992 1685 1094 1766 videor,
1113 1711 1176 1756 idem
1194 1710 1264 1766 plane
1282 1711 1310 1754 de
1331 1707 1532 1764 inscriptionibus

281 1798 384 1854 valere,
411 1797 473 1855 quod
490 1794 639 1852 Crumerus,
662 1798 768 1854 peracuti
789 1799 826 1841 ris
846 1798 935 1857 ingenii
954 1803 978 1844 et
998 1799 1165 1854 doctissimus,
1196 1799 1269 1844 variis
1292 1797 1406 1853 exemplis
1430 1797 1532 1841 demon-

281 1885 366 1934 strarit
382 1885 405 1929 in
427 1885 555 1940 ictorum,
575 1886 654 1944 legum
671 1890 696 1930 et
710 1886 904 1930 constitutionum
925 1887 981 1932 stilo
998 1887 1100 1932 serioris
1115 1887 1266 1942 potissimum
1285 1886 1372 1930 aetatis
1391 1885 1531 1940 ,nrnpullss

281 1977 307 2018 et
323 1973 497 2031 sesquipedalia
514 1973 610 2017 verba”
631 1977 756 2029 captante,
775 1987 803 2018 ac
823 1979 923 2030 propter
946 1975 1023 2031 ipsam
1046 1975 1213 2033 loquacitatem
1234 1975 1327 2018 inanem
1349 1987 1419 2028 saepe
1441 1971 1536 2017 obscu-

280 2061 356 2106 riore.
376 2061 409 2118 (r.
427 2031 547 2122 &saigny
564 2057 712 2120 Zeitacdrifl
721 2058 772 2120 jis'r
790 2057 1058 2121 Recdlsssisseuscltufi
1077 2063 1109 2109 Τ.
1125 2060 1151 2107 2.
1175 2077 1199 2120 p.
1214 2059 1285 2116 289.)
1321 2061 1444 2106 Sisnilibus
1465 2060 1534 2105 enim

281 2162 352 2208 quam
369 2150 471 2194 manime
491 2151 607 2208 gaudent,
628 2164 687 2209 qnae
705 2155 790 2208 quarto
807 2152 889 2196 seculo
907 2155 1006 2197 exeunte
1026 2155 1050 2196 ct
1066 2153 1150 2210 quinto
1169 2151 1257 2195 incisae
1275 2155 1330 2194 sunt
1347 2148 1532 2204 inscriptiones,

240 2267 248 2278 .
281 2238 383 2298 turgidis
405 2238 515 2284 turmulis
538 2238 642 2284 reiertae
663 2253 691 2284 ac
712 2222 844 2295 verbosae}
872 2239 990 2300 decrescit
1010 2239 1094 2284 deinde
1115 2243 1194 2284 tumor
1215 2238 1337 2295 paullatim
1358 2239 1411 2283 iude
1429 2241 1498 2282 retro
1515 2250 1534 2281 a

264 2345 267 2360 ·
282 2325 400 2381 Septimio
418 2327 524 2381 Severo,
543 2327 634 2371 maiore
652 2327 724 2370 etism
739 2327 889 2382 simplicitate
911 2339 937 2372 se
956 2328 1121 2371 commendant
1138 2327 1329 2382 praecedentium
1346 2327 1532 2381 imperatorum,

282 2415 465 2472 magistratuum
484 2419 670 2470 etprrvatosum
686 2413 807 2466 bominum
823 2413 899 2469 tituli,
920 2414 1096 2471 simplicissima
1110 2415 1209 2474 denique
1225 2420 1280 2460 sunl
1293 2417 1427 2474 augustens
1445 2413 1534 2458 aetatis

218 2491 221 2498 ⁴
281 2505 305 2545 et
323 2507 456 2556 temporum
474 2502 561 2556 veteris
580 2502 615 2548 sei
634 2501 741 2556 publicae
759 2506 921 2550 monuments.

289 2603 291 2610 ·
353 2587 532 2638 ΜΑΙΤΤΑΙΒΕ
557 2586 689 2646 (uticanis)
714 2591 767 2643 ,sd
789 2601 845 2634 suas
868 2589 1055 2650 Observationes
1077 2603 1132 2636 usus
1153 2596 1190 2638 est
1213 2590 1289 2636 tribus
1311 2590 1455 2640 Oueniensis
1481 2590 1534 2635 edi·

281 2677 355 2721 tionis
372 2677 502 2732 exemplis,
522 2677 627 2735 adquae
645 2673 897 2733 Thomss'Smitleus,
916 2677 952 2723 10.
972 2677 1131 2734 Peureonus,
1150 2685 1174 2724 et
1193 2677 1251 2726 Gal.
1271 2675 1401 2738 Strotsord
1414 2679 1534 2736 quaedam

281 2765 441 2832 suscripssre.
486 2763 512 2810 ln
539 2763 577 2810 bis
601 2767 675 2826 igitur
697 2766 904 2814 observationibus
931 2769 1057 2827 diligenter
1084 2773 1150 2814 notat
1176 2767 1385 2813 Malttatltlvs
1411 2767 1534 2812 diversam

281 2853 408 2906 lectionem
426 2865 474 2897 nou
491 2853 563 2906 modo
582 2855 701 2900 editorum
718 2854 884 2911 diuersorum,
904 2857 945 2902 ssd
965 2857 1037 2901 etiam
1053 2857 1217 2916 singulorum,
1244 2870 1258 2900 a
1279 2869 1305 2900 se
1326 2856 1384 2911 ipsis
1404 2855 1533 2913 aliquando

282 2939 456 2989 dissidentium.
493 2941 554 2999 Quid
573 2943 650 2998 ipsum
668 2943 833 3000 impediverit,
864 2957 911 3004 quo
932 2945 1057 2998 minusad
1076 2946 1128 3000 ipsa
1148 2944 1295 3004 autogsupba
1314 2943 1534 3002 lapidesesigeret

282 3029 306 3072 id
325 3041 400 3088 genus
418 3029 561 3085 varietates,
588 3044 662 3090 neque
683 3031 736 3088 ipse
758 3038 944 3088 commemorat,
973 3047 1049 3091 neque
1070 3038 1178 3078 nostrum
1199 3037 1236 3078 est
1256 3033 1389 3077 diuinare.”
1407 3037 1452 3078 cet.
1472 3030 1531 3078 Act.

281 3115 363 3164 Erus.
383 3115 454 3175 Lips.
474 3115 550 3172 llll.
576 3132 600 3176 p.
624 3117 666 3166 51.
687 3139 720 3162 ··.·
737 3121 773 3174 ,dd
790 3122 937 3180 autographa
960 3121 1169 3166 matusauuvs
1191 3133 1233 3167 cur
1251 3134 1297 3164 nou
1319 3119 1427 3178 exegerit
1443 3120 1534 3166 editio·

282 3219 336 3250 nem
354 3218 436 3262 suam,
461 3206 530 3252 tacita
549 3212 586 3252 est
601 3208 723 3266 diripere;
743 3209 799 3266 qnia
815 3208 918 3255 Londini
936 3209 984 3254 iam
1005 3222 1079 3255 senes
1096 3211 1161 3255 illam
1180 3215 1204 3267 et
1217 3209 1318 3259 ¹molitus
1336 3212 1388 3264 est,
1408 3211 1432 3253 et
1448 3207 1533 3252 absol-

281 3295 332 3348 rit,
352 3295 435 3350 procul
453 3294 483 3340 ab
501 3296 655 3355 autographis
673 3295 762 3342 Ononii
780 3298 963 3354 conspiciendis.
985 3317 1017 3330 ·-
1036 3297 1175 3343 HAGENB.

351 3381 512 3428 MALVdSlA
537 3377 652 3438 (Carolus
678 3381 783 3439 Caesar)
807 3385 834 3431 ln
865 3387 917 3432 eins
949 3381 1122 3437 Marmors'bsss
1150 3383 1274 3430 Felsineis
1306 3385 1387 3441 spuria
1414 3384 1533 3443 quaedam

281 3471 445 3526 reperiuntur,
465 3467 652 3530 r.li1offes'id,
673 3471 702 3516 G.
722 3470 751 3516 1..
771 3485 794 3526 p.
815 3467 874 3516 216.
895 3477 919 3518 et
937 3469 997 3528 tlt.
1032 3471 1117 3516 Eidem
1140 3473 1321 3518 mauvsslan
1345 3473 1437 3520 sincera
1460 3473 1529 3542 sidc-

283 3557 353 3601 batur
370 3556 531 3604 imnosissima
549 3557 590 3602 illa
607 3556 682 3602 Aelio
700 3556 788 3614 Lseiies
808 3551 906 3617 Crispie
927 3555 988 3618 [uon
1010 3565 1070 3604 notu
1094 3573 1233 3620 resurgens
1257 3557 1354 3610 Borion.
1377 3558 1451 3606 1683.
1472 3557 1532 3620 iol]

282 3645 398 3704 singulari
417 3644 480 3692 libro
498 3645 528 3690 ab
546 3659 575 3690 eo
593 3646 720 3702 illustrata.
768 3646 804 3690 Ea
828 3660 886 3692 reru
909 3647 1048 3711 sicbabet,
1078 3663 1109 3693 ne
1126 3648 1182 3693 alibi
1201 3663 1255 3694 cum
1273 3651 1387 3706 temporis
1406 3651 1532 3702 dispendio

248 3778 251 3787 ,
282 3733 325 3777 tibi
343 3733 375 3784 sit
392 3733 544 3794 quaesenda:
580 3731 614 3788 D.
634 3731 672 3780 M.
695 3738 704 3781 l
725 3733 798 3780 Aelio
815 3732 904 3780 Laelio
925 3731 1024 3795 crispis
1046 3739 1056 3786 ll
1076 3733 1129 3782 Nec
1146 3737 1186 3784 eir·
1203 3751 1248 3784 acc
1265 3739 1357 3786 saulier
1373 3751 1418 3782 nec
1437 3736 1532 3782 endro-

282 3833 356 3882 gyrm
377 3823 386 3876 ll
408 3818 460 3866 Nec
480 3821 568 3878 puello
591 3835 636 3870 saec
660 3823 757 3874 inponis
780 3836 826 3869 nso
848 3837 913 3868 uuus
934 3827 944 3870 l
970 3821 1023 3870 Nec
1041 3831 1113 3870 cestu
1130 3838 1176 3870 saec
1193 3827 1317 3872 meretrix
1335 3839 1380 3870 uec
1397 3823 1494 3884 pudica
1517 3830 1528 3874 lt

282 3891 334 3954 Su'l
356 3910 441 3954 omnio
469 3913 479 3961 l
505 3907 609 3954 Sublato
635 3912 646 3960 ΙΙ
672 3908 757 3970 Neque
773 3906 848 3970 sume
872 3925 949 3972 neque
965 3908 1052 3971 serre·
1067 3925 1145 3972 sieque
1170 3908 1261 3958 senaab
1282 3917 1292 3960 ΙΙ
1313 3897 1494 3958 Sed'onmstne
1517 3917 1528 3963 ll

283 3995 335 4041 Nec
353 3997 421 4054 coelo
439 4010 484 4042 nec
502 4000 575 4056 opicis
593 4011 639 4044 aec
657 3999 735 4044 terris
755 4003 766 4048 ll
789 3997 839 4044 Sed
857 3999 946 4060 ubique
964 4000 1029 4044 iacet
1050 4002 1060 4051 ll
1082 3999 1177 4049 Lucius
1193 3997 1293 4061 Agatho
1310 3999 1425 4048 Priscian
1446 4003 1457 4052 ll
1477 3999 1533 4047 Nec

284 4086 393 4130 muritue
411 4099 456 4144 uec
473 4092 571 4130 ornator
587 4099 633 4144 pecc
650 4087 812 4140 accessorius
834 4091 845 4138 ll
865 4085 949 4148 Neque
967 4101 1082 4134 moerens
1100 4102 1178 4148 neque
1197 4087 1312 4149 guadeas
1330 4103 1408 4148 neque
1426 4087 1495 4154 flens
1518 4092 1530 4140 n

284 4169 357 4220 Hanc
378 4177 387 4222 ΙΙ
408 4173 460 4220 tvae
477 4175 566 4226 molem
583 4187 628 4230 spec
644 4173 805 4234 pyramidem
823 4189 868 4220 nec
885 4177 1029 4234 seprdcrrms
1050 4181 1060 4226 ll
1081 4175 1133 4221 Sed
1149 4176 1234 4222 urania
1255 4179 1265 4222 ll
1287 4175 1341 4221 Scit
1357 4183 1381 4222 et
1396 4178 1476 4222 nescit
1488 4178 1535 4224 cui

281 4263 407 4319 posuerit.
430 4265 441 4313 ll
462 4285 495 4310 ·.-
513 4263 646 4308 Bononiae.
667 4285 699 4310 -ε-
719 4263 772 4320 lpse
792 4263 951 4314 MALl'stSlrt
970 4262 1063 4310 smil.
1100 4265 1174 4312 Viros
1193 4264 1276 4308 doctos
1294 4271 1418 4322 recenset,
1443 4266 1483 4324 qui
1507 4267 1533 4311 in

284 4349 322 4396 liis
340 4349 409 4407 nugis
427 4350 570 4396 extricandis
587 4351 815 4408 interpretandisque
835 4353 913 4402 oleum
931 4357 955 4396 et
972 4365 1071 4406 operam
1099 4351 1268 4408 perdiderunt,
1293 4352 1380 4411 quibus
1404 4359 1458 4416 post
1477 4367 1534 4408 eum

286 4429 425 4489 successere
444 4437 484 4494 ulii
504 4448 550 4490 app
568 4439 646 4482 ricinus
664 4439 741 4497 stultit
762 4441 814 4491 cle.
836 4438 968 4486 marsum
985 4441 1015 4490 Α.
1036 4439 1065 4484 C.
1084 4438 1114 4484 1..
1135 4453 1159 4496 p.
1179 4436 1241 4485 472.
1523 4498 1527 4506 .

353 4523 572 4572 mancauoval:
597 4523 720 4582 (Ioanns's)
743 4527 843 4572 schedae
869 4529 958 4584 passim
977 4527 1144 4586 impugnantur
1163 4542 1176 4571 a
1194 4524 1298 4590 tlluffeio
1316 4541 1339 4574 v.
1359 4543 1381 4574 c.
1400 4531 1430 4574 lt.
1450 4531 1479 4586 C,
1501 4531 1532 4587 1..

231 4641 236 4652 .
286 4625 309 4670 p.
336 4609 395 4658 328.
422 4609 480 4658 329.
507 4617 649 4669 eluctante
674 4611 840 4670 Tircboscltio
857 4615 943 4670 Stpriu
966 4611 1034 4666 dello
1056 4615 1109 4659 lctt.
1134 4612 1193 4668 teat.
1219 4617 1249 4662 Τ.
1272 4613 1296 4662 6.
1322 4617 1352 4663 Ρ.
1375 4617 1399 4672 1.
1424 4631 1449 4676 p,
1470 4615 1532 4670 3⁰7.

241 4713 245 4721 ·
287 4702 356 4762 longe
374 4702 443 4757 plura
460 4714 488 4745 er
507 4701 610 4746 eliorum
627 4701 785 4764 apographis,
805 4717 874 4762 quam
893 4717 922 4749 ex
941 4705 999 4760 ipsis
1017 4703 1136 4762 lapidibus
1154 4705 1246 4749 videtur
1265 4705 1458 4762 transcripsisse.

356 4773 511 4834 mauritta
535 4785 703 4845 (Educentur)
727 4795 751 4834 et
774 4791 902 4838 nuttam)
927 4790 1057 4848 (Ursinus)
1083 4789 1187 4854 Voypge
1210 4789 1334 4838 litllsoira
1352 4790 1382 4838 ds
1400 4792 1469 4840 deut
1487 4793 1535 4842 lte-
