3264 5414
274 461 316 526 aa
458 503 460 517 .
517 487 523 502 ·
618 431 644 572 J
698 455 1139 524 rnaeear1o,

356 631 390 694 A
417 627 530 712 populi
557 625 697 692 Romani
731 647 768 690 re
797 625 925 710 publica
952 629 1176 691 transeundum
1206 625 1356 712 deinceps
1383 637 1452 692 erat
1480 631 1522 692 ad

271 763 337 809 retu
353 741 583 825 municipalem,
601 759 693 825 qnae,
711 761 808 826 quum
823 737 1023 824 potissimum
1038 760 1080 804 ex
1092 738 1368 824 inscriptionibus,
1395 742 1521 807 Rothio

163 897 166 907 ·
270 879 313 921 ex
334 865 405 920 toto
428 853 602 939 neglectis,
626 851 778 918 illustrari
799 854 932 930 debeat,
956 871 1022 917 uon
1043 851 1111 918 siue
1132 871 1225 918 carna
1246 853 1279 917 id
1300 835 1376 918 inibi
1395 875 1523 939 propo·

271 969 364 1034 situm
385 967 465 1044 fuit,
489 978 524 1030 ut
544 969 584 1030 ad
598 987 675 1030 saxa
691 985 732 1031 eo
746 964 936 1050 pertinentia
950 963 1089 1053 undique
1106 969 1354 1048 comportanda,
1383 979 1521 1052 apteque

271 1074 468 1170 disponenda
490 1078 646 1142 assiduam
667 1099 817 1142 naverem
840 1098 985 1162 operam.
1043 1079 1119 1160 Quo
1148 1079 1275 1166 quidem
1303 1081 1336 1144 id
1357 1091 1521 1145 assecutus

272 1211 342 1257 esse
370 1190 447 1256 mihi
476 1191 608 1268 videor,
642 1201 697 1268 ut,
733 1193 915 1276 quicunque
943 1193 1025 1254 banc
1053 1191 1273 1278 antiquitatum
1301 1169 1520 1258 Romanarum

271 1303 528 1371 obscurissimam
551 1307 653 1369 adhuc
675 1315 798 1388 partem
829 1307 935 1370 denuo
954 1303 1170 1384 scrutabitur,
1205 1305 1329 1369 facilius
1360 1317 1448 1370 certe
1478 1306 1521 1370 sit

269 1408 511 1502 perspecturus,
535 1437 675 1502 quonam
696 1417 834 1502 singula,
858 1417 892 1480 iu
913 1437 995 1502 quae
1016 1418 1086 1501 ipse
1105 1417 1234 1495 incidet,
1255 1418 1317 1482 sint
1335 1417 1518 1494 referenda,

270 1551 400 1617 quoque
436 1531 533 1596 modo
571 1528 793 1616 coniungenda
831 1551 902 1593 cum
930 1528 989 1605 iis,
1027 1551 1108 1615 quae
1137 1550 1155 1593 a
1183 1553 1233 1594 ure
1265 1541 1338 1594 saint
1370 1531 1519 1606 collecta.

271 1643 480 1708 Perreximus
501 1642 574 1706 inde
596 1645 636 1706 ad
661 1663 729 1706 eam
752 1642 914 1707 homiuum
943 1641 1178 1722 conditionem,
1217 1663 1297 1729 quae
1325 1643 1356 1708 in
1386 1655 1522 1728 quaestu

270 1756 417 1821 iaciendo
440 1756 590 1841 rictuque
613 1755 799 1841 quotidiano
820 1758 963 1840 parando
994 1767 1166 1840 occupata,
1204 1755 1275 1841 ipsa
1302 1768 1406 1826 tamen
1437 1758 1523 1838 apud

271 1869 439 1932 Romanos
462 1867 624 1932 societatis
646 1880 819 1952 appetens,
852 1879 1068 1954 quantumque
1089 1881 1234 1952 poterat,
1265 1891 1332 1934 rem
1360 1869 1521 1954 publicam

269 1979 409 2058 imitata,
445 1980 605 2066 collegia,
633 1999 800 2064 corpora,
835 1981 985 2046 sodalicia
1013 1981 1176 2048 instituere
1204 1983 1328 2048 solebat
1356 1981 1420 2048 suis
1449 2001 1521 2045 cum

269 2094 475 2178 praepositis,
492 2095 664 2179 magistris,
682 2094 839 2178 patronis,
865 2093 1116 2178 apparitoribus,
1140 2096 1256 2173 servis,
1278 2093 1405 2181 legibus
1425 2092 1519 2158 etiam

270 2220 303 2271 et
317 2207 472 2283 decretis3
495 2230 560 2293 quo
582 2209 692 2292 utique
713 2206 744 2272 in
769 2229 887 2292 genere
909 2207 1045 2272 maxima
1065 2229 1175 2272 rursus
1195 2207 1436 2295 inscriptionum
1458 2206 1522 2270 uti·

99 2411 103 2419 x
210 2355 213 2358 ·
270 2321 344 2386 litas
373 2322 528 2386 cernitur.
588 2319 811 2405 collegiorum
835 2330 939 2383 autem
961 2320 1067 2384 forma
1088 2331 1277 2403 perspecta,
1311 2319 1452 2403 singulas
1482 2320 1524 2382 ad

271 2445 375 2510 artes,
399 2453 480 2519 quae
503 2452 596 2496 mann
617 2441 776 2508 coustant,
800 2451 898 2515 quum
919 2431 1200 2509 descendissemns,
1225 2441 1414 2514 supererant
1432 2431 1523 2497 varia

270 2545 434 2610 bominum
463 2543 548 2609 inter
576 2563 612 2610 sa
640 2543 849 2621 commercia,
889 2538 946 2624 (toi
974 2531 1166 2631 συμβόλαια
1188 2544 1305 2608 Graeci
1326 2547 1523 2628 nuncupant)

271 2673 352 2743 quae
376 2667 487 2722 cuncta
510 2653 594 2721 vitae
617 2655 791 2722 eommunis
813 2655 942 2722 nourine
964 2657 1126 2740 complexi
1154 2678 1274 2721 sumus.
1325 2659 1419 2722 Hanc
1440 2677 1523 2722 vero
1629 2705 1630 2746 ι

273 2781 433 2856 tamquam
456 2767 609 2833 curriculi
632 2780 746 2832 metam
769 2769 904 2834 emensis
919 2791 979 2835 una
994 2771 1135 2834 restabat
1150 2791 1258 2834 rerum
1272 2769 1394 2848 ultima,
1419 2791 1519 2847 mors,

272 2881 397 2946 infinito
420 2881 585 2946 titulorum
608 2901 742 2948 numero
764 2882 942 2959 celebrata,
966 2881 1020 2967 qui
1042 2881 1167 2974 quidem
1190 2903 1328 2959 ornnes,
1344 2905 1523 2968 quameun-

274 3003 337 3078 q‘ue
360 2997 484 3086 demum
507 3014 620 3060 vocem
643 2994 768 3059 mittant
790 2995 844 3060 vel
864 2995 936 3060 veri
957 2995 1130 3073 maeroris,
1154 2995 1208 3058 vel
1229 2995 1469 3061 benevolentiae
1491 3005 1524 3059 et

273 3105 434 3184 caritatis,
459 3109 512 3173 vel
533 3105 672 3174 levitatis
693 3130 731 3173 ac
752 3109 922 3192 superbiae
945 3107 1028 3174 inter
1049 3108 1171 3173 cineres
1194 3119 1226 3172 et
1248 3129 1338 3186 ossa,
1363 3108 1432 3172 iura
1454 3109 1523 3174 cul·

273 3233 405 3308 tumque
426 3222 532 3286 Deum
554 3222 700 3287 Manium
721 3244 819 3309 quum
840 3221 1010 3287 identidem
1031 3224 1257 3299 recordentur,
1281 3222 1321 3285 ad
1337 3219 1522 3306 religiones,

273 3337 358 3400 unde
378 3335 549 3421 progressi
571 3357 716 3414 eramus,
739 3333 830 3400 fatali
844 3335 982 3420 quodam
998 3345 1221 3421 perpetuoque
1236 3331 1372 3400 circuitu
1387 3331 1523 3417 et'quasi

275 3449 356 3512 orbo
378 3469 438 3512 nos
459 3451 670 3538 reduxerunt.

360 3561 410 3625 ita
432 3561 579 3645 exposita
600 3561 661 3625 mei
684 3561 809 3626 consilii
829 3560 1060 3645 simplicissima
1078 3561 1202 3627 ratione
1218 3561 1332 3638 acria,
1357 3560 1397 3623 ab
1411 3561 1524 3623 harum

258 3693 387 3745 ,rerum
407 3672 614 3756 peritioribus
636 3674 770 3738 libenter
792 3673 919 3753 discam,
944 3685 1048 3740 utrum
1066 3673 1127 3738 ista
1141 3674 1327 3738 Latinarum
1342 3669 1526 3755 inscriptio·

275 3807 350 3851 num
373 3785 548 3868 descriptio
572 3786 676 3852 varias
700 3785 730 3850 in
753 3786 891 3864 classes,
923 3809 1094 3874 earumque
1116 3786 1241 3874 singula
1263 3784 1384 3868 capita,
1415 3804 1526 3868 quem·

275 3899 445 3962 admodum
468 3921 486 3962 a
507 3920 557 3962 me
580 3913 628 3964 est
649 3899 810 3977 instituta,
833 3899 918 3964 utilis
940 3901 1050 3965 futura
1073 3899 1113 3964 sit
1128 3899 1189 3982 ipsi
1204 3897 1385 3980 disciplinae
1399 3896 1528 3980 epigra-

274 4011 410 4096 phicae,
442 4009 563 4076 necne?
620 4013 679 4076 Me
707 4013 833 4099 quidem
862 4012 1043 4077 iamdudum
1072 4014 1136 4078 hoc
1163 4013 1194 4074 in
1223 4012 1334 4074 labore
1365 4019 1526 4072 versatum

275 4145 351 4190 usus
373 4123 442 4210 ipse
464 4123 612 4203 edocuit,
636 4124 806 4210 unicuique
828 4124 925 4210 lapidi
946 4125 993 4190 sic
1006 4125 1155 4190 facillime
1170 4134 1291 4188 certum
1306 4122 1411 4187 locum
1429 4141 1528 4205 posse

212 4321 219 4336 ι
250 4229 253 4234 ’
277 4237 451 4323 assignari,
475 4237 507 4302 iu
530 4259 595 4324 quo
618 4237 799 4303 universam
822 4239 1017 4325 antiquitatis
1036 4237 1201 4301 Romanae
1216 4233 1411 4318 disciplinam
1425 4235 1525 4310 iuvet,

276 4349 400 4426 firmet,
423 4350 582 4426 illustret3
616 4351 671 4437 qui
693 4353 831 4428 tandem,
855 4351 887 4415 ni
911 4351 1022 4427 fallor,
1047 4348 1187 4414 omnium
1209 4347 1388 4412 studiorum
1409 4344 1527 4410 hocin

278 4483 396 4552 genere
418 4463 651 4529 collocatorum
676 4485 843 4548 supremus
866 4475 915 4529 est
937 4463 1020 4527 linis.

285 4597 294 4606 ·
361 4576 423 4642 His
445 4575 592 4643 omnibus
614 4568 865 4662 subieci'caput
886 4573 1006 4642 xxti.
1030 4595 1072 4640 en
1093 4573 1194 4639 variis
1208 4575 1450 4639 Hanenuvcurr
1467 4571 1528 4636 ob·

278 4689 514 4756 narrationibus
542 4689 664 4755 criticis
691 4699 861 4768 constans,
893 4709 976 4775 quae
997 4686 1124 4774 quidem
1146 4685 1248 4753 laudis
1270 4705 1357 4750 meae
1379 4682 1459 4748 nibil
1479 4682 1529 4748 in·

277 4801 401 4888 digent.
445 4803 688 4869 Praefationem
712 4811 815 4867 autem
838 4799 1046 4888 subsequitur
1074 4802 1166 4868 Artis
1194 4799 1326 4868 criticae
1353 4796 1529 4884 lapidarias
