3264 5414
505 449 910 521 PRAEFATIO.
1318 457 1348 522 9‘
1426 449 1430 454 ’

24 593 25 614 ¹
97 631 236 708 qnatenm
252 620 411 706 exemplis
431 620 542 688 doceri
556 633 683 707 potest,
709 621 781 686 fere
801 622 1001 705 posthabito,
1018 625 1183 690 Romanae
1199 625 1338 712 antiqui·
1428 697 1439 718 ο

97 735 156 800 tatis
175 735 353 820 praecipua
373 715 458 800 intio
480 729 666 800 haberetur.
709 734 890 822 Digereudi
910 735 1011 822 igitur
1029 748 1102 802 ante
1121 739 1227 803 omnia
1246 749 1338 804 erant

96 849 166 914 tituli
186 869 259 914 eum
279 847 315 912 in
336 851 484 926 modum,
509 860 544 913 ut
566 849 745 935 quicunque
767 848 799 914 in
814 850 903 914 istam
919 849 1113 934 disciplinam
1127 850 1335 930 incumberet,

95 961 204 1026 uetus
216 983 314 1048 quam
330 961 485 1027 consultis
499 961 589 1026 libris
610 961 734 1040 Smetii,
748 961 894 1039 Gruteri‚
908 963 1062 1040 Reinesii,
1080 965 1206 1048 Sp'ouii,
1223 964 1335 1042 Darii,

96 1075 240 1152 labretti,
253 1074 364 1151 Gudii,
375 1075 565 1151 Mercatorii,
577 1075 714 1153 Malloi,
725 1085 757 1139 et
768 1076 901 1152 Donati,
914 1079 1065 1163 (quorum
1078 1081 1186 1142 decem
1197 1079 1339 1144 virorum
1419 1087 1424 1096 “

96 1192 251 1254 doctorum
283 1209 380 1255 curas
411 1209 620 1272 magnarum
648 1188 886 1254 collectionum
914 1191 993 1254 trito
1020 1191 1144 1256 iamiam
1177 1193 1338 1256 vocabulo

96 1304 360 1385 comprehendere
382 1303 487 1382 soleo)
512 1301 675 1388 gravioris
696 1302 849 1367 momenti
865 1302 976 1368 titulos
994 1283 1170 1388 plerosque
1188 1307 1229 1369 ad
1244 1303 1339 1386 ciput
1426 1360 1435 1372 ,

96 1415 218 1498 quodvis
234 1415 410 1498 praecipue
425 1426 616 1498 spectantes,
637 1437 703 1481 uno
723 1415 812 1480 velut
826 1427 1015 1515 conspectu,
1039 1438 1097 1480 nee
1116 1416 1182 1481 sine
1203 1421 1338 1502 quadam

96 1528 306 1594 delectatione
317 1537 430 1610 posset
451 1529 659 1613 perlustrare.
705 1530 828 1592 Verrun
850 1531 935 1593 hasne
956 1541 1091 1612 propter
1113 1529 1207 1592 linem
1229 1531 1338 1612 plures

96 1639 160 1704 mihi
178 1643 311 1706 classes
332 1653 423 1706 erant
443 1641 664 1720 instituendae,
687 1641 850 1730 longeque
864 1643 956 1719 aliae,
983 1663 1021 1714 ac
1041 1642 1141 1706 visum
1162 1653 1231 1706 erat
1248 1643 1339 1725 prio-

96 1751 185 1830 ribus,
209 1755 331 1838 quibus
346 1777 441 1840 quam
455 1755 625 1819 maximum
640 1754 882 1840 inscriptionum
898 1777 1062 1820 numerum
1076 1755 1232 1850 colligere
1245 1755 1338 1818 tunice

96 1867 285 1950 propesitum
317 1868 442 1932 suisset.
488 1868 561 1948 Qua
589 1867 622 1930 in
650 1889 687 1930 re
709 1867 869 1932 fatendum
892 1891 968 1933 sane
991 1868 1067 1932 mihi
1087 1870 1202 1954 video,
1241 1889 1339 1931 unum

96 1975 225 2066 idemque
248 2002 364 2044 saxum
387 1979 549 2064 pacifere
571 1976 790 2044 iure'uiversa
811 2001 907 2062 saepe
929 1984 969 2044 ad
990 1981 1095 2064 capita
1115 1981 1261 2064 potuisse
1285 2003 1339 2044 re·

96 2091 178 2169 ferri,
207 2093 638 2177 quamvis-committendum
660 2115 725 2158 non
747 2105 849 2171 esset,
879 2105 915 2156 ut
936 2095 988 2156 vel
1011 2093 1114 2158 dedita
1137 2115 1255 2176 opera,
1286 2094 1339 2158 vel

97 2204 193 2286 supina
214 2207 289 2285 illa,
325 2229 387 2292 qua
409 2228 502 2272 nemo
524 2206 723 2290 frequentius
746 2202 931 2270 Muratorio
952 2209 1123 2290 peccavit,·
1142 2207 1339 2292 negligentia

97 2315 136 2378 bis
157 2331 247 2384 terve
273 2331 490 2402 repeteretur.
543 2320 694 2383 Attamen
716 2318 790 2384 huic
812 2339 877 2382 non
899 2318 964 2383 levi
986 2321 1111 2404 quidem
1133 2318 1337 2384 incommodo
1368 2349 1378 2376 ι

98 2453 180 2512 mum
199 2433 341 2498 indicum
364 2453 426 2516 ope
449 2435 569 2497 mederi
590 2445 722 2498 conatus
743 2453 832 2507 sum,
867 2442 934 2498 tum
956 2430 1089 2496 subinde
1111 2433 1265 2495 lectorem
1295 2451 1336 2495 co

99 2547 264 2622 amandavi,
306 2546 366 2610 atlia
394 2545 448 2610 ubi
477 2545 635 2610 inveniret
663 2567 749 2625 rem,
781 2547 820 2608 de
848 2567 911 2630 qua
940 2564 1036 2628 quum
1067 2543 1201 2608 maxime
1230 2565 1337 2612 sermo
1388 2602 1408 2636 ,ι
1474 2599 1486 2622 ,
1524 2591 1529 2602 ·

99 2669 186 2732 esset,
218 2661 430 2724 illustratura.
686 2731 690 2740 q
1486 2653 1491 2668 ’

84 2773 87 2782 ’
170 2772 298 2836 Verum
319 2773 351 2836 id
372 2771 404 2835 in
425 2773 537 2856 primis
559 2776 763 2871 spectandum
786 2783 876 2850 erat,
898 2787 934 2838 ut
955 2797 997 2838 ex
1017 2773 1182 2838 titulorum
1201 2761 1339 2856 qualine*
1437 2829 1439 2836 .
1472 2771 1503 2794 “’

100 2881 174 2961 ginta
201 2886 334 2950 circiter
364 2885 501 2950 millibus
531 2909 549 2950 a
578 2909 627 2950 me
649 2887 818 2970 perlectis,
855 2887 1071 2972 unnsquisque
1093 2903 1224 2963 eorum,
1256 2906 1338 2969 quos
1474 2923 1478 2932 ·
1553 2943 1560 2960 ,

100 2995 290 3082 relegissem,
324 3011 391 3062 tum
419 2999 519 3082 ipsius
549 3011 621 3064 ante
646 3000 751 3065 omnia
779 3001 957 3086 argumenti
985 2999 1161 3084 gravitate,
1199 3010 1266 3062 tum
1294 2975 1379 3078 (idf'
1421 3017 1427 3086 j
1471 2979 1477 2988 ⁶

101 3113 175 3190 qtrod
187 3111 372 3194 proximum
388 3117 468 3190 erat)
490 3111 716 3175 sententiarum
738 3111 957 3196 sermonisque
974 3111 1149 3200 elegantia,
1172 3121 1259 3186 tum,
1286 3109 1340 3173 ubi

102 3239 204 3300 operae
221 3225 361 3308 pretium
377 3237 472 3302 esset,
497 3224 673 3290 rusticitate
695 3244 824 3310 quoque
847 3245 916 3298 sua,
940 3221 1076 3286 Latinae
1096 3203 1224 3308 linguae
1241 3220 1340 3286 vicis-

101 3331 236 3400 situdines
252 3331 443 3422 letalemque
456 3340 581 3402 tandem
596 3337 757 3402 interitum
775 3340 1023 3412 demonstrante,
1040 3335 1184 3400 studioso
1201 3355 1235 3398 ee
1250 3355 1339 3399 com·

102 3451 262 3514 uenderet.
300 3451 392 3530 Quae
408 3471 483 3514 sane
499 3451 666 3514 arbitraria
682 3451 767 3514 haurd
781 3469 858 3514 raro
875 3461 943 3512 erat
958 3449 1068 3532 optim
1092 3445 1340 3532 siquidem-alius

104 3557 251 3626 reiecisset
268 3555 635 3646 persaepe,·mihi'quae
655 3563 893 3626 transcribenda
912 3563 1118 3635 videbantur3
1141 3561 1237 3627 immo
1255 3560 1337 3643 ipse,

103 3665 188 3736 libere
210 3676 324 3750 dicam,
350 3660 503 3760 quermon-
521 3697 580 3758 per
599 3697 699 3740 annos
722 3677 785 3740 hoc
807 3674 837 3737 in
860 3675 993 3760 negotio
1011 3685 1160 3740 versatus
1179 3674 1243 3752 alio
1260 3652 1357 3770 telus·⁸
1417 3679 1423 3692 '
1485 3663 1495 3684 ⁴

104 3801 171 3860 pore
193 3787 261 3851 aliis
284 3788 364 3852 alios
384 3789 523 3852 fortasse
544 3788 764 3872 praetulissem
788 3787 916 3852 titulos:
941 3787 1075 3867 (infinita
1097 3797 1145 3850 est
1168 3785 1250 3850 enim
1274 3787 1340 3863 res)

104 3911 150 3958 nee
168 3911 269 3963 temen
291 3899 322 3964 in
345 3901 436 3964 nimis
459 3903 563 3965 miultis
587 3900 721 3966 abissem
741 3900 941 3986 a'praesenti
956 3921 1026 3965 meo
1041 3899 1172 3965 iudicio.
1212 3894 1339 3962 Etc'nim
1438 3949 1440 3956 s

105 4005 244 4077 affirmare
267 4013 384 4089 ausim,
415 4016 588 4099 quemlibet
609 4016 672 4078 huc
695 4017 886 4092 collocatum
909 4025 1016 4078 certas
1037 4025 1174 4102 propter
1195 4011 1340 4076 rationes

104 4137 180 4186 suum
200 4126 307 4192 locum
328 4127 427 4204 tueri,
460 4149 562 4213 neque
584 4128 742 4212 ingratum
764 4129 837 4194 lore
859 4127 986 4192 lectori.
1219 4202 1222 4208 Δ
1332 4111 1336 4121 “

175 4237 354 4334 licitene,
377 4240 433 4304 nbi
453 4240 555 4305 minus
577 4241 671 4324 periti
693 4263 844 4307 censores
866 4243 1167 4315 stomachabuntur,
1191 4261 1287 4302 unum
1308 4249 1341 4302 et

105 4343 220 4414 alterum
243 4373 368 4429 saxum,
393 4353 536 4444 mmabile
557 4355 618 4418 sibi
640 4354 756 4432 visuum
780 4353 1038 4440 praetermissum
1061 4373 1149 4429 esse,
1173 4351 1281 4437 idque,
1304 4363 1340 4414 ut

105 4457 144 4532 fit,
162 4463 338 4531 fastidiosae
355 4468 477 4530 cuidam
492 4467 703 4554 negligentiae
718 4467 857 4533 sortasse
872 4466 1024 4531 tribuent.
1070 4468 1134 4530 Sed
1149 4487 1338 4551 quamquam
1450 4445 1456 4504 ¹·

105 4567 234 4642 lacillime
257 4578 402 4644 accidere
424 4591 570 4664 poterat,
598 4593 633 4644 ut
654 4581 685 4644 in
708 4592 771 4644 tam
792 4581 943 4645 immensa
965 4579 1208 4662 inscriptionum
1233 4575 1339 4641 multi-
1494 4573 1520 4604 '⁸⁸'
1599 4588 1608 4596 ·’

104 4685 208 4765 urdine,
229 4689 340 4773 plures
361 4692 474 4776 dignae
495 4693 617 4778 utique,
641 4715 723 4778 quae
744 4696 808 4757 huc
828 4693 1056 4768 insererentur,
1073 4670 1149 4755 scie
1170 4689 1246 4754 mihi
1263 4692 1351 4790 suba¹

105 4794 258 4880 ducerent,
281 4805 430 4868 consulto
451 4815 554 4869 tamen
576 4806 758 4892 plerasque,
783 4828 861 4892 quas
885 4804 1093 4876 desideratum
1112 4801 1153 4867 iri
1171 4823 1236 4886 ego
1255 4823 1353 4887 quo·¹
1407 4823 1413 4836 ·
1444 4863 1446 4872 ,
1559 4861 1563 4868 ,
