<?xml version="1.0" encoding="UTF-8"?>
<!DOCTYPE html PUBLIC "-//W3C//DTD XHTML 1.0 Transitional//EN"
    "http://www.w3.org/TR/xhtml1/DTD/xhtml1-transitional.dtd">
<html xmlns="http://www.w3.org/1999/xhtml" xml:lang="en" lang="en">
 <head>
  <title>
</title>
<meta http-equiv="Content-Type" content="text/html;charset=utf-8" />
  <meta name='ocr-system' content='tesseract 3.04.00' />
  <meta name='ocr-capabilities' content='ocr_page ocr_carea ocr_par ocr_line ocrx_word'/>
</head>
<body>
  <div class='ocr_page' id='page_1' title='image "./inscriptionumla04henzgoog_0015.png"; bbox 0 0 3264 5414; ppageno 0'>
   <div class='ocr_carea' id='block_1_1' title="bbox 285 443 1107 512">
    <p class='ocr_par' dir='ltr' id='par_1_1' title="bbox 285 443 1107 512">
     <span class='ocr_line' id='line_1_1' title="bbox 285 443 1107 512; baseline -0.004 -3"><span class='ocrx_word' id='word_1_1' title='bbox 285 447 325 509; x_wconf 89' lang='grc'><strong>10</strong></span> <span class='ocrx_word' id='word_1_2' title='bbox 705 443 1107 512; x_wconf 82' lang='lat' dir='ltr'><strong>PRAEFATIO.</strong></span> 
     </span>
    </p>
   </div>
   <div class='ocr_carea' id='block_1_2' title="bbox 222 611 1613 3288">
    <p class='ocr_par' dir='ltr' id='par_1_2' title="bbox 222 611 1613 3288">
     <span class='ocr_line' id='line_1_2' title="bbox 280 611 1534 702; baseline -0.001 -24"><span class='ocrx_word' id='word_1_3' title='bbox 280 639 343 702; x_wconf 91' lang='lat' dir='ltr'>que</span> <span class='ocrx_word' id='word_1_4' title='bbox 366 614 531 698; x_wconf 88' lang='lat' dir='ltr'>suspicor,</span> <span class='ocrx_word' id='word_1_5' title='bbox 556 613 754 697; x_wconf 87' lang='lat' dir='ltr'>posthabitas</span> <span class='ocrx_word' id='word_1_6' title='bbox 776 634 844 678; x_wconf 87' lang='lat' dir='ltr'>esse</span> <span class='ocrx_word' id='word_1_7' title='bbox 867 623 957 677; x_wconf 84' lang='lat' dir='ltr'>certo</span> <span class='ocrx_word' id='word_1_8' title='bbox 979 613 1066 687; x_wconf 84' lang='lat' dir='ltr'>seio;</span> <span class='ocrx_word' id='word_1_9' title='bbox 1094 612 1247 678; x_wconf 89' lang='lat' dir='ltr'>eiusmodi</span> <span class='ocrx_word' id='word_1_10' title='bbox 1270 611 1423 689; x_wconf 79' lang='lat' dir='ltr'>maxime,</span> <span class='ocrx_word' id='word_1_11' title='bbox 1446 635 1534 698; x_wconf 86' lang='lat' dir='ltr'>quae</span> 
     </span>
     <span class='ocr_line' id='line_1_3' title="bbox 280 725 1533 811; baseline -0.002 -19"><span class='ocrx_word' id='word_1_12' title='bbox 280 739 446 811; x_wconf 70' lang='lat' dir='ltr'>suspectae</span> <span class='ocrx_word' id='word_1_13' title='bbox 479 739 533 791; x_wconf 77' lang='lat' dir='ltr'>aaut</span> <span class='ocrx_word' id='word_1_14' title='bbox 564 726 701 791; x_wconf 82' lang='lat' dir='ltr'>ficticiae</span> <span class='ocrx_word' id='word_1_15' title='bbox 731 725 860 792; x_wconf 85' lang='lat' dir='ltr'>omnino</span> <span class='ocrx_word' id='word_1_16' title='bbox 890 725 965 789; x_wconf 88' lang='lat' dir='ltr'>mihi</span> <span class='ocrx_word' id='word_1_17' title='bbox 993 726 1097 803; x_wconf 85' lang='lat' dir='ltr'>visae,</span> <span class='ocrx_word' id='word_1_18' title='bbox 1128 725 1253 788; x_wconf 83' lang='lat' dir='ltr'>minime</span> <span class='ocrx_word' id='word_1_19' title='bbox 1283 735 1384 788; x_wconf 85' lang='lat' dir='ltr'>tamen</span> <span class='ocrx_word' id='word_1_20' title='bbox 1406 725 1533 790; x_wconf 83' lang='lat' dir='ltr'>fraudis</span> 
     </span>
     <span class='ocr_line' id='line_1_4' title="bbox 280 837 1532 924; baseline -0.002 -19"><span class='ocrx_word' id='word_1_21' title='bbox 280 861 418 922; x_wconf 88' lang='lat' dir='ltr'>operose</span> <span class='ocrx_word' id='word_1_22' title='bbox 440 838 593 924; x_wconf 76' lang='lat' dir='ltr'><strong>redargui</strong></span> <span class='ocrx_word' id='word_1_23' title='bbox 608 851 821 914; x_wconf 82' lang='lat' dir='ltr'>mererentur3</span> <span class='ocrx_word' id='word_1_24' title='bbox 845 838 933 904; x_wconf 91' lang='lat' dir='ltr'>ouius</span> <span class='ocrx_word' id='word_1_25' title='bbox 952 837 1076 922; x_wconf 89' lang='lat' dir='ltr'>quidem</span> <span class='ocrx_word' id='word_1_26' title='bbox 1099 837 1226 923; x_wconf 86' lang='lat' dir='ltr'>generis</span> <span class='ocrx_word' id='word_1_27' title='bbox 1245 839 1420 920; x_wconf 85' lang='lat' dir='ltr'>permultas</span> <span class='ocrx_word' id='word_1_28' title='bbox 1432 859 1532 922; x_wconf 84' lang='lat' dir='ltr'>repe·</span> 
     </span>
     <span class='ocr_line' id='line_1_5' title="bbox 277 948 1580 1048; baseline 0 -34"><span class='ocrx_word' id='word_1_29' title='bbox 277 951 344 1015; x_wconf 82' lang='lat' dir='ltr'>rire</span> <span class='ocrx_word' id='word_1_30' title='bbox 373 949 447 1014; x_wconf 86' lang='lat' dir='ltr'>licet</span> <span class='ocrx_word' id='word_1_31' title='bbox 475 948 508 1016; x_wconf 91' lang='lat' dir='ltr'>in</span> <span class='ocrx_word' id='word_1_32' title='bbox 536 949 708 1027; x_wconf 88' lang='lat' dir='ltr'>Reiuesio,</span> <span class='ocrx_word' id='word_1_33' title='bbox 744 950 886 1034; x_wconf 90' lang='lat' dir='ltr'>Spooio,</span> <span class='ocrx_word' id='word_1_34' title='bbox 920 952 1097 1029; x_wconf 86' lang='lat' dir='ltr'>Fabretto‚</span> <span class='ocrx_word' id='word_1_35' title='bbox 1134 951 1241 1016; x_wconf 84' lang='lat' dir='ltr'>Gudio</span> <span class='ocrx_word' id='word_1_36' title='bbox 1273 954 1458 1048; x_wconf 71' lang='lat' dir='ltr'>praesertim</span> <span class='ocrx_word' id='word_1_37' title='bbox 1488 973 1533 1016; x_wconf 90' lang='lat' dir='ltr'>ac</span> <span class='ocrx_word' id='word_1_38' title='bbox 1575 987 1580 996; x_wconf 85' lang='lat'><em>·</em></span> 
     </span>
     <span class='ocr_line' id='line_1_6' title="bbox 278 1051 1531 1149; baseline 0.002 -23"><span class='ocrx_word' id='word_1_39' title='bbox 278 1062 478 1138; x_wconf 79' lang='lat' dir='ltr'>Mur-aterio,</span> <span class='ocrx_word' id='word_1_40' title='bbox 504 1055 678 1128; x_wconf 81' lang='lat' dir='ltr'>infaustum</span> <span class='ocrx_word' id='word_1_41' title='bbox 687 1065 766 1130; x_wconf 91' lang='lat' dir='ltr'>illud</span> <span class='ocrx_word' id='word_1_42' title='bbox 786 1061 917 1149; x_wconf 85' lang='lat' dir='ltr'>Ligorii</span> <span class='ocrx_word' id='word_1_43' title='bbox 939 1085 1065 1141; x_wconf 89' lang='lat' dir='ltr'>nomen,</span> <span class='ocrx_word' id='word_1_44' title='bbox 1089 1065 1141 1128; x_wconf 88' lang='lat' dir='ltr'>vel</span> <span class='ocrx_word' id='word_1_45' title='bbox 1162 1051 1348 1130; x_wconf 83' lang='lat' dir='ltr'>schedarum</span> <span class='ocrx_word' id='word_1_46' title='bbox 1371 1087 1413 1144; x_wconf 76' lang='lat' dir='ltr'>es</span> <span class='ocrx_word' id='word_1_47' title='bbox 1433 1065 1531 1130; x_wconf 85' lang='lat' dir='ltr'>httius</span> 
     </span>
     <span class='ocr_line' id='line_1_7' title="bbox 222 1155 1532 1262; baseline 0.003 -24"><span class='ocrx_word' id='word_1_48' title='bbox 222 1155 229 1162; x_wconf 36' lang='lat'><strong><em>³</em></strong></span> <span class='ocrx_word' id='word_1_49' title='bbox 278 1175 414 1240; x_wconf 89' lang='lat' dir='ltr'>bominis</span> <span class='ocrx_word' id='word_1_50' title='bbox 438 1177 612 1240; x_wconf 84' lang='lat' dir='ltr'>Thesauris</span> <span class='ocrx_word' id='word_1_51' title='bbox 636 1189 858 1260; x_wconf 75' lang='lat' dir='ltr'>excerptorum</span> <span class='ocrx_word' id='word_1_52' title='bbox 887 1177 977 1240; x_wconf 87' lang='lat' dir='ltr'>nimis</span> <span class='ocrx_word' id='word_1_53' title='bbox 1006 1175 1183 1262; x_wconf 81' lang='lat' dir='ltr'>ambiguam</span> <span class='ocrx_word' id='word_1_54' title='bbox 1206 1177 1426 1243; x_wconf 88' lang='lat' dir='ltr'>auctoritatem</span> <span class='ocrx_word' id='word_1_55' title='bbox 1447 1200 1532 1260; x_wconf 85' lang='lat' dir='ltr'>prae</span> 
     </span>
     <span class='ocr_line' id='line_1_8' title="bbox 276 1287 1531 1374; baseline 0 -22"><span class='ocrx_word' id='word_1_56' title='bbox 276 1310 310 1352; x_wconf 86' lang='lat' dir='ltr'>se</span> <span class='ocrx_word' id='word_1_57' title='bbox 340 1289 494 1370; x_wconf 77' lang='lat' dir='ltr'>serentes.</span> <span class='ocrx_word' id='word_1_58' title='bbox 562 1287 720 1354; x_wconf 77' lang='lat' dir='ltr'><strong>Conferat</strong></span> <span class='ocrx_word' id='word_1_59' title='bbox 753 1287 828 1352; x_wconf 89' lang='lat' dir='ltr'>mihi</span> <span class='ocrx_word' id='word_1_60' title='bbox 854 1289 986 1374; x_wconf 82' lang='lat' dir='ltr'>aliquis,</span> <span class='ocrx_word' id='word_1_61' title='bbox 1031 1289 1057 1354; x_wconf 90' lang='lat' dir='ltr'>si</span> <span class='ocrx_word' id='word_1_62' title='bbox 1089 1289 1194 1374; x_wconf 88' lang='lat' dir='ltr'>placet</span> <span class='ocrx_word' id='word_1_63' title='bbox 1223 1301 1255 1354; x_wconf 87' lang='lat' dir='ltr'>et</span> <span class='ocrx_word' id='word_1_64' title='bbox 1289 1301 1397 1367; x_wconf 84' lang='lat' dir='ltr'>vacat,</span> <span class='ocrx_word' id='word_1_65' title='bbox 1436 1291 1531 1373; x_wconf 85' lang='lat' dir='ltr'>Spon</span> 
     </span>
     <span class='ocr_line' id='line_1_9' title="bbox 276 1397 1533 1490; baseline -0.002 -22"><span class='ocrx_word' id='word_1_66' title='bbox 276 1402 384 1468; x_wconf 86' lang='lat' dir='ltr'>Mise.</span> <span class='ocrx_word' id='word_1_67' title='bbox 396 1397 436 1484; x_wconf 90' lang='lat' dir='ltr'>&#39;p.</span> <span class='ocrx_word' id='word_1_68' title='bbox 453 1402 505 1478; x_wconf 86' lang='lat'>90,</span> <span class='ocrx_word' id='word_1_69' title='bbox 524 1404 555 1464; x_wconf 87' lang='grc'><strong>1.</strong></span> <span class='ocrx_word' id='word_1_70' title='bbox 576 1414 607 1466; x_wconf 86' lang='lat' dir='ltr'>et</span> <span class='ocrx_word' id='word_1_71' title='bbox 626 1403 699 1479; x_wconf 91' lang='grc'><strong>181,</strong></span> <span class='ocrx_word' id='word_1_72' title='bbox 714 1403 759 1479; x_wconf 87' lang='grc'>3.,</span> <span class='ocrx_word' id='word_1_73' title='bbox 777 1422 855 1486; x_wconf 91' lang='lat' dir='ltr'>quo,</span> <span class='ocrx_word' id='word_1_74' title='bbox 873 1401 951 1487; x_wconf 91' lang='lat' dir='ltr'>quid</span> <span class='ocrx_word' id='word_1_75' title='bbox 964 1402 1148 1488; x_wconf 81' lang='lat' dir='ltr'>significem,</span> <span class='ocrx_word' id='word_1_76' title='bbox 1166 1403 1337 1490; x_wconf 86' lang='lat' dir='ltr'>intelligat.</span> <span class='ocrx_word' id='word_1_77' title='bbox 1352 1435 1394 1448; x_wconf 86' lang='lat'>··-</span> <span class='ocrx_word' id='word_1_78' title='bbox 1416 1405 1533 1468; x_wconf 83' lang='lat' dir='ltr'>luere-</span> 
     </span>
     <span class='ocr_line' id='line_1_10' title="bbox 277 1512 1532 1601; baseline 0.003 -25"><span class='ocrx_word' id='word_1_79' title='bbox 277 1514 373 1578; x_wconf 84' lang='lat' dir='ltr'>dibile</span> <span class='ocrx_word' id='word_1_80' title='bbox 398 1512 501 1580; x_wconf 74' lang='lat' dir='ltr'>autem</span> <span class='ocrx_word' id='word_1_81' title='bbox 524 1525 590 1591; x_wconf 87' lang='lat' dir='ltr'>est,</span> <span class='ocrx_word' id='word_1_82' title='bbox 625 1526 700 1598; x_wconf 88' lang='lat' dir='ltr'>post</span> <span class='ocrx_word' id='word_1_83' title='bbox 716 1525 767 1579; x_wconf 90' lang='lat' dir='ltr'>tot</span> <span class='ocrx_word' id='word_1_84' title='bbox 786 1514 971 1578; x_wconf 77' lang='lat' dir='ltr'>criticorum</span> <span class='ocrx_word' id='word_1_85' title='bbox 992 1537 1084 1579; x_wconf 87' lang='lat' dir='ltr'>curas</span> <span class='ocrx_word' id='word_1_86' title='bbox 1103 1527 1253 1601; x_wconf 86' lang='lat' dir='ltr'>quantum</span> <span class='ocrx_word' id='word_1_87' title='bbox 1274 1517 1304 1580; x_wconf 89' lang='lat' dir='ltr'>in</span> <span class='ocrx_word' id='word_1_88' title='bbox 1324 1529 1389 1579; x_wconf 92' lang='lat' dir='ltr'>arte</span> <span class='ocrx_word' id='word_1_89' title='bbox 1417 1515 1532 1580; x_wconf 89' lang='lat' dir='ltr'>critica</span> 
     </span>
     <span class='ocr_line' id='line_1_11' title="bbox 278 1627 1532 1713; baseline 0.002 -25"><span class='ocrx_word' id='word_1_90' title='bbox 278 1627 431 1710; x_wconf 87' lang='lat' dir='ltr'>lapidaria</span> <span class='ocrx_word' id='word_1_91' title='bbox 453 1627 680 1710; x_wconf 87' lang='lat' dir='ltr'>perficiendum</span> <span class='ocrx_word' id='word_1_92' title='bbox 703 1629 805 1692; x_wconf 91' lang='lat' dir='ltr'>adhue</span> <span class='ocrx_word' id='word_1_93' title='bbox 826 1639 998 1690; x_wconf 87' lang='lat' dir='ltr'>remaneat.</span> <span class='ocrx_word' id='word_1_94' title='bbox 1057 1627 1127 1691; x_wconf 90' lang='lat' dir='ltr'>Mei</span> <span class='ocrx_word' id='word_1_95' title='bbox 1150 1628 1276 1713; x_wconf 88' lang='lat' dir='ltr'>quidem</span> <span class='ocrx_word' id='word_1_96' title='bbox 1299 1629 1424 1693; x_wconf 87' lang='lat' dir='ltr'>consilii</span> <span class='ocrx_word' id='word_1_97' title='bbox 1446 1640 1532 1691; x_wconf 87' lang='lat' dir='ltr'>tam·</span> 
     </span>
     <span class='ocr_line' id='line_1_12' title="bbox 278 1739 1531 1826; baseline 0.002 -24"><span class='ocrx_word' id='word_1_98' title='bbox 278 1739 339 1802; x_wconf 90' lang='lat' dir='ltr'>etsi</span> <span class='ocrx_word' id='word_1_99' title='bbox 358 1741 599 1824; x_wconf 77' lang='lat' dir='ltr'>haudquaquam</span> <span class='ocrx_word' id='word_1_100' title='bbox 619 1751 707 1816; x_wconf 89' lang='lat' dir='ltr'>erat,</span> <span class='ocrx_word' id='word_1_101' title='bbox 731 1750 766 1803; x_wconf 89' lang='lat' dir='ltr'>ut</span> <span class='ocrx_word' id='word_1_102' title='bbox 787 1739 890 1804; x_wconf 89' lang='lat' dir='ltr'>dedita</span> <span class='ocrx_word' id='word_1_103' title='bbox 909 1761 1008 1823; x_wconf 88' lang='lat' dir='ltr'>opera</span> <span class='ocrx_word' id='word_1_104' title='bbox 1027 1741 1252 1826; x_wconf 79' lang='lat' dir='ltr'>investigarem</span> <span class='ocrx_word' id='word_1_105' title='bbox 1270 1753 1302 1804; x_wconf 90' lang='lat' dir='ltr'>et</span> <span class='ocrx_word' id='word_1_106' title='bbox 1316 1752 1474 1824; x_wconf 88' lang='lat' dir='ltr'>suspecta,</span> <span class='ocrx_word' id='word_1_107' title='bbox 1496 1754 1531 1804; x_wconf 92' lang='lat' dir='ltr'>et</span> 
     </span>
     <span class='ocr_line' id='line_1_13' title="bbox 276 1851 1527 1938; baseline 0.002 -24"><span class='ocrx_word' id='word_1_108' title='bbox 276 1851 447 1916; x_wconf 84' lang='lat' dir='ltr'>manifesto</span> <span class='ocrx_word' id='word_1_109' title='bbox 477 1853 711 1931; x_wconf 88' lang='lat' dir='ltr'>commenticia,</span> <span class='ocrx_word' id='word_1_110' title='bbox 743 1865 865 1931; x_wconf 88' lang='lat' dir='ltr'>tamen,</span> <span class='ocrx_word' id='word_1_111' title='bbox 894 1852 1076 1938; x_wconf 88' lang='lat' dir='ltr'>ubicunque</span> <span class='ocrx_word' id='word_1_112' title='bbox 1105 1866 1319 1936; x_wconf 88' lang='lat' dir='ltr'>opportunum</span> <span class='ocrx_word' id='word_1_113' title='bbox 1344 1855 1527 1930; x_wconf 89' lang='lat' dir='ltr'>videbatur,</span> 
     </span>
     <span class='ocr_line' id='line_1_14' title="bbox 279 1963 1526 2052; baseline 0.002 -26"><span class='ocrx_word' id='word_1_114' title='bbox 279 1963 391 2028; x_wconf 89' lang='lat' dir='ltr'>sedulo</span> <span class='ocrx_word' id='word_1_115' title='bbox 414 1964 524 2028; x_wconf 88' lang='lat' dir='ltr'>notavi</span> <span class='ocrx_word' id='word_1_116' title='bbox 546 1987 599 2044; x_wconf 90' lang='lat' dir='ltr'>ea,</span> <span class='ocrx_word' id='word_1_117' title='bbox 626 1987 706 2052; x_wconf 87' lang='lat' dir='ltr'>quae</span> <span class='ocrx_word' id='word_1_118' title='bbox 724 1965 774 2028; x_wconf 90' lang='lat' dir='ltr'>his</span> <span class='ocrx_word' id='word_1_119' title='bbox 791 1977 897 2037; x_wconf 84' lang='lat' dir='ltr'>essent</span> <span class='ocrx_word' id='word_1_120' title='bbox 913 1968 1164 2042; x_wconf 85' lang='lat' dir='ltr'>adnumeranda;</span> <span class='ocrx_word' id='word_1_121' title='bbox 1186 1967 1283 2052; x_wconf 78' lang='lat' dir='ltr'>louge</span> <span class='ocrx_word' id='word_1_122' title='bbox 1299 1965 1406 2052; x_wconf 80' lang='lat' dir='ltr'>utique</span> <span class='ocrx_word' id='word_1_123' title='bbox 1417 1966 1526 2048; x_wconf 80' lang='lat' dir='ltr'>phara,</span> 
     </span>
     <span class='ocr_line' id='line_1_15' title="bbox 280 2053 1529 2160; baseline 0 -20"><span class='ocrx_word' id='word_1_124' title='bbox 280 2097 374 2160; x_wconf 88' lang='lat' dir='ltr'>quam</span> <span class='ocrx_word' id='word_1_125' title='bbox 406 2079 446 2138; x_wconf 92' lang='lat' dir='ltr'>ab</span> <span class='ocrx_word' id='word_1_126' title='bbox 475 2077 542 2141; x_wconf 87' lang='lat' dir='ltr'>aliis</span> <span class='ocrx_word' id='word_1_127' title='bbox 573 2090 644 2142; x_wconf 81' lang='lat' dir='ltr'>ante</span> <span class='ocrx_word' id='word_1_128' title='bbox 674 2091 745 2142; x_wconf 92' lang='lat' dir='ltr'>sunt</span> <span class='ocrx_word' id='word_1_129' title='bbox 774 2079 1010 2154; x_wconf 86' lang='lat' dir='ltr'>animadversa,</span> <span class='ocrx_word' id='word_1_130' title='bbox 1047 2101 1113 2142; x_wconf 88' lang='lat' dir='ltr'>non</span> <span class='ocrx_word' id='word_1_131' title='bbox 1134 2078 1202 2142; x_wconf 89' lang='lat' dir='ltr'>sine</span> <span class='ocrx_word' id='word_1_132' title='bbox 1223 2078 1346 2145; x_wconf 90' lang='lat' dir='ltr'>idoneis</span> <span class='ocrx_word' id='word_1_133' title='bbox 1359 2053 1469 2142; x_wconf 11' lang='lat' dir='ltr'>&amp;cerasis</span> <span class='ocrx_word' id='word_1_134' title='bbox 1490 2077 1529 2140; x_wconf 88' lang='lat' dir='ltr'>in</span> 
     </span>
     <span class='ocr_line' id='line_1_16' title="bbox 276 2187 1528 2283; baseline 0.002 -32"><span class='ocrx_word' id='word_1_135' title='bbox 276 2187 487 2271; x_wconf 77' lang='lat' dir='ltr'>suspicionem</span> <span class='ocrx_word' id='word_1_136' title='bbox 508 2193 679 2256; x_wconf 87' lang='lat' dir='ltr'>adducens.</span> <span class='ocrx_word' id='word_1_137' title='bbox 725 2194 789 2283; x_wconf 77' lang='lat' dir='ltr'>Sed</span> <span class='ocrx_word' id='word_1_138' title='bbox 807 2192 973 2275; x_wconf 79' lang='lat' dir='ltr'>complura</span> <span class='ocrx_word' id='word_1_139' title='bbox 992 2189 1182 2268; x_wconf 89' lang='lat' dir='ltr'>huiusmodi,</span> <span class='ocrx_word' id='word_1_140' title='bbox 1202 2204 1237 2274; x_wconf 72' lang='lat' dir='ltr'>ut</span> <span class='ocrx_word' id='word_1_141' title='bbox 1251 2191 1409 2274; x_wconf 82' lang='lat' dir='ltr'>praedixi,</span> <span class='ocrx_word' id='word_1_142' title='bbox 1428 2211 1528 2273; x_wconf 87' lang='lat' dir='ltr'>prae-</span> 
     </span>
     <span class='ocr_line' id='line_1_17' title="bbox 275 2301 1525 2388; baseline 0.002 -26"><span class='ocrx_word' id='word_1_143' title='bbox 275 2301 373 2364; x_wconf 85' lang='lat' dir='ltr'>terire</span> <span class='ocrx_word' id='word_1_144' title='bbox 403 2303 499 2367; x_wconf 89' lang='lat' dir='ltr'>satius</span> <span class='ocrx_word' id='word_1_145' title='bbox 530 2304 616 2370; x_wconf 82' lang='lat' dir='ltr'>dtixi.</span> <span class='ocrx_word' id='word_1_146' title='bbox 669 2305 800 2388; x_wconf 80' lang='lat' dir='ltr'>Spurius</span> <span class='ocrx_word' id='word_1_147' title='bbox 830 2305 976 2368; x_wconf 91' lang='lat' dir='ltr'>consulto</span> <span class='ocrx_word' id='word_1_148' title='bbox 1006 2316 1169 2384; x_wconf 85' lang='lat' dir='ltr'>receptas,</span> <span class='ocrx_word' id='word_1_149' title='bbox 1207 2303 1361 2368; x_wconf 87' lang='lat' dir='ltr'>asterisco</span> <span class='ocrx_word' id='word_1_150' title='bbox 1384 2303 1525 2386; x_wconf 83' lang='lat' dir='ltr'>signavi.</span> 
     </span>
     <span class='ocr_line' id='line_1_18' title="bbox 275 2399 1613 2506; baseline -0.001 -28"><span class='ocrx_word' id='word_1_151' title='bbox 275 2414 389 2498; x_wconf 83' lang='lat' dir='ltr'>Neque</span> <span class='ocrx_word' id='word_1_152' title='bbox 413 2437 497 2478; x_wconf 90' lang='lat' dir='ltr'>nunc</span> <span class='ocrx_word' id='word_1_153' title='bbox 511 2426 552 2506; x_wconf 89' lang='lat' dir='ltr'>ut</span> <span class='ocrx_word' id='word_1_154' title='bbox 574 2415 650 2480; x_wconf 91' lang='lat' dir='ltr'>novi</span> <span class='ocrx_word' id='word_1_155' title='bbox 673 2427 704 2479; x_wconf 90' lang='lat' dir='ltr'>et</span> <span class='ocrx_word' id='word_1_156' title='bbox 726 2437 872 2480; x_wconf 85' lang='lat' dir='ltr'>verarum</span> <span class='ocrx_word' id='word_1_157' title='bbox 892 2415 1132 2496; x_wconf 82' lang='lat' dir='ltr'>inscriptionum</span> <span class='ocrx_word' id='word_1_158' title='bbox 1157 2435 1336 2478; x_wconf 89' lang='lat' dir='ltr'>sermonem</span> <span class='ocrx_word' id='word_1_159' title='bbox 1361 2413 1522 2477; x_wconf 87' lang='lat' dir='ltr'>sincerum</span> <span class='ocrx_word' id='word_1_160' title='bbox 1609 2399 1613 2406; x_wconf 40' lang='lat'>⁵</span> 
     </span>
     <span class='ocr_line' id='line_1_19' title="bbox 273 2516 1525 2613; baseline 0 -25"><span class='ocrx_word' id='word_1_161' title='bbox 273 2516 436 2610; x_wconf 83' lang='lat' dir='ltr'>iustasque</span> <span class='ocrx_word' id='word_1_162' title='bbox 451 2527 617 2606; x_wconf 84' lang='lat' dir='ltr'>formulas,</span> <span class='ocrx_word' id='word_1_163' title='bbox 642 2539 674 2591; x_wconf 89' lang='lat' dir='ltr'>et</span> <span class='ocrx_word' id='word_1_164' title='bbox 688 2526 939 2613; x_wconf 86' lang='lat' dir='ltr'>Ligerianarum</span> <span class='ocrx_word' id='word_1_165' title='bbox 963 2537 1057 2611; x_wconf 86' lang='lat' dir='ltr'>atque</span> <span class='ocrx_word' id='word_1_166' title='bbox 1079 2523 1226 2590; x_wconf 88' lang='lat' dir='ltr'>similium</span> <span class='ocrx_word' id='word_1_167' title='bbox 1250 2530 1291 2590; x_wconf 88' lang='lat' dir='ltr'>ab</span> <span class='ocrx_word' id='word_1_168' title='bbox 1306 2525 1375 2590; x_wconf 91' lang='lat' dir='ltr'>aliis</span> <span class='ocrx_word' id='word_1_169' title='bbox 1388 2527 1525 2598; x_wconf 75' lang='lat' dir='ltr'>iraudu-</span> 
     </span>
     <span class='ocr_line' id='line_1_20' title="bbox 274 2628 1520 2717; baseline 0.002 -17"><span class='ocrx_word' id='word_1_170' title='bbox 274 2638 366 2702; x_wconf 88' lang='lat' dir='ltr'>lentis</span> <span class='ocrx_word' id='word_1_171' title='bbox 387 2628 606 2702; x_wconf 48' lang='lat' dir='ltr'>¹nebulonibus</span> <span class='ocrx_word' id='word_1_172' title='bbox 636 2641 843 2705; x_wconf 86' lang='lat' dir='ltr'>confictarum</span> <span class='ocrx_word' id='word_1_173' title='bbox 871 2640 1051 2717; x_wconf 80' lang='lat' dir='ltr'>universam</span> <span class='ocrx_word' id='word_1_174' title='bbox 1074 2639 1228 2703; x_wconf 88' lang='lat' dir='ltr'>rationem</span> <span class='ocrx_word' id='word_1_175' title='bbox 1250 2651 1282 2702; x_wconf 88' lang='lat' dir='ltr'>et</span> <span class='ocrx_word' id='word_1_176' title='bbox 1303 2639 1520 2715; x_wconf 84' lang='lat' dir='ltr'>auctoritates,</span> 
     </span>
     <span class='ocr_line' id='line_1_21' title="bbox 274 2751 1524 2838; baseline 0.002 -24"><span class='ocrx_word' id='word_1_177' title='bbox 274 2751 395 2838; x_wconf 86' lang='lat' dir='ltr'>magnis</span> <span class='ocrx_word' id='word_1_178' title='bbox 419 2752 661 2816; x_wconf 88' lang='lat' dir='ltr'>collectionibus</span> <span class='ocrx_word' id='word_1_179' title='bbox 684 2755 789 2818; x_wconf 89' lang='lat' dir='ltr'>denuo</span> <span class='ocrx_word' id='word_1_180' title='bbox 810 2751 1009 2836; x_wconf 86' lang='lat' dir='ltr'>perlustratis</span> <span class='ocrx_word' id='word_1_181' title='bbox 1030 2754 1068 2814; x_wconf 88' lang='lat' dir='ltr'>dc</span> <span class='ocrx_word' id='word_1_182' title='bbox 1084 2751 1216 2836; x_wconf 87' lang='lat' dir='ltr'>singulis</span> <span class='ocrx_word' id='word_1_183' title='bbox 1230 2752 1299 2816; x_wconf 87' lang='lat' dir='ltr'>lere</span> <span class='ocrx_word' id='word_1_184' title='bbox 1313 2751 1524 2834; x_wconf 87' lang='lat' dir='ltr'>pronuntiare</span> 
     </span>
     <span class='ocr_line' id='line_1_22' title="bbox 275 2858 1526 2949; baseline 0 -22"><span class='ocrx_word' id='word_1_185' title='bbox 275 2866 488 2949; x_wconf 86' lang='lat' dir='ltr'>desperarim,</span> <span class='ocrx_word' id='word_1_186' title='bbox 520 2878 627 2928; x_wconf 86' lang='lat' dir='ltr'>utrum</span> <span class='ocrx_word' id='word_1_187' title='bbox 649 2858 731 2929; x_wconf 86' lang='lat' dir='ltr'>inter</span> <span class='ocrx_word' id='word_1_188' title='bbox 753 2878 875 2940; x_wconf 87' lang='lat' dir='ltr'>certas,</span> <span class='ocrx_word' id='word_1_189' title='bbox 908 2887 946 2927; x_wconf 84' lang='lat' dir='ltr'>an</span> <span class='ocrx_word' id='word_1_190' title='bbox 968 2876 1148 2946; x_wconf 87' lang='lat' dir='ltr'>suspectas,</span> <span class='ocrx_word' id='word_1_191' title='bbox 1182 2863 1452 2946; x_wconf 87' lang='lat' dir='ltr'>interpolatasne,</span> <span class='ocrx_word' id='word_1_192' title='bbox 1484 2887 1526 2928; x_wconf 86' lang='lat' dir='ltr'>an</span> 
     </span>
     <span class='ocr_line' id='line_1_23' title="bbox 273 2976 1526 3061; baseline 0 -21"><span class='ocrx_word' id='word_1_193' title='bbox 273 2999 408 3060; x_wconf 87' lang='lat' dir='ltr'>prorsus</span> <span class='ocrx_word' id='word_1_194' title='bbox 431 2977 664 3042; x_wconf 87' lang='lat' dir='ltr'>commenticias</span> <span class='ocrx_word' id='word_1_195' title='bbox 687 2981 749 3042; x_wconf 90' lang='lat' dir='ltr'>sint</span> <span class='ocrx_word' id='word_1_196' title='bbox 769 2978 975 3042; x_wconf 77' lang='lat' dir='ltr'>referendae:</span> <span class='ocrx_word' id='word_1_197' title='bbox 1010 2979 1102 3040; x_wconf 60' lang='lat' dir='ltr'>haecv</span> <span class='ocrx_word' id='word_1_198' title='bbox 1119 2976 1199 3040; x_wconf 84' lang='lat' dir='ltr'>enirn</span> <span class='ocrx_word' id='word_1_199' title='bbox 1231 2987 1381 3060; x_wconf 85' lang='lat' dir='ltr'>quattuor</span> <span class='ocrx_word' id='word_1_200' title='bbox 1403 2997 1526 3061; x_wconf 86' lang='lat' dir='ltr'>genera</span> 
     </span>
     <span class='ocr_line' id='line_1_24' title="bbox 273 3089 1521 3169; baseline 0.002 -17"><span class='ocrx_word' id='word_1_201' title='bbox 273 3089 500 3154; x_wconf 84' lang='lat' dir='ltr'>constituamus</span> <span class='ocrx_word' id='word_1_202' title='bbox 522 3111 652 3154; x_wconf 87' lang='lat' dir='ltr'>neeesse</span> <span class='ocrx_word' id='word_1_203' title='bbox 676 3103 735 3169; x_wconf 88' lang='lat' dir='ltr'>est,</span> <span class='ocrx_word' id='word_1_204' title='bbox 766 3091 824 3156; x_wconf 88' lang='lat' dir='ltr'>nisi</span> <span class='ocrx_word' id='word_1_205' title='bbox 847 3103 901 3154; x_wconf 91' lang='lat' dir='ltr'>aut</span> <span class='ocrx_word' id='word_1_206' title='bbox 923 3089 1012 3156; x_wconf 91' lang='lat' dir='ltr'>nimis</span> <span class='ocrx_word' id='word_1_207' title='bbox 1032 3090 1153 3152; x_wconf 82' lang='lat' dir='ltr'>creduli</span> <span class='ocrx_word' id='word_1_208' title='bbox 1172 3110 1298 3166; x_wconf 74' lang='lat' dir='ltr'>seimus,</span> <span class='ocrx_word' id='word_1_209' title='bbox 1323 3100 1375 3154; x_wconf 87' lang='lat' dir='ltr'>aut</span> <span class='ocrx_word' id='word_1_210' title='bbox 1398 3110 1521 3167; x_wconf 87' lang='lat' dir='ltr'>omnes,</span> 
     </span>
     <span class='ocr_line' id='line_1_25' title="bbox 273 3201 1524 3288; baseline 0.001 -24"><span class='ocrx_word' id='word_1_211' title='bbox 273 3223 354 3285; x_wconf 90' lang='lat' dir='ltr'>quae</span> <span class='ocrx_word' id='word_1_212' title='bbox 384 3201 610 3267; x_wconf 87' lang='lat' dir='ltr'>dubitationem</span> <span class='ocrx_word' id='word_1_213' title='bbox 648 3204 783 3288; x_wconf 88' lang='lat' dir='ltr'>aliquam</span> <span class='ocrx_word' id='word_1_214' title='bbox 824 3205 917 3268; x_wconf 90' lang='lat' dir='ltr'>nobis</span> <span class='ocrx_word' id='word_1_215' title='bbox 954 3205 1109 3279; x_wconf 80' lang='lat' dir='ltr'>afferunt,</span> <span class='ocrx_word' id='word_1_216' title='bbox 1151 3201 1279 3266; x_wconf 89' lang='lat' dir='ltr'>omnino</span> <span class='ocrx_word' id='word_1_217' title='bbox 1312 3201 1524 3284; x_wconf 89' lang='lat' dir='ltr'>repudiandas</span> 
     </span>
    </p>
   </div>
   <div class='ocr_carea' id='block_1_3' title="bbox 271 3303 1524 3626">
    <p class='ocr_par' dir='ltr' id='par_1_3' title="bbox 271 3303 1524 3626">
     <span class='ocr_line' id='line_1_26' title="bbox 271 3303 1523 3406; baseline 0.001 -30"><span class='ocrx_word' id='word_1_218' title='bbox 271 3335 490 3406; x_wconf 85' lang='lat' dir='ltr'>praepropere</span> <span class='ocrx_word' id='word_1_219' title='bbox 530 3338 703 3379; x_wconf 89' lang='lat' dir='ltr'>censemus.</span> <span class='ocrx_word' id='word_1_220' title='bbox 762 3303 965 3400; x_wconf 74' lang='lat' dir='ltr'>Suspeetos,</span> <span class='ocrx_word' id='word_1_221' title='bbox 1005 3337 1083 3401; x_wconf 87' lang='lat' dir='ltr'>quas</span> <span class='ocrx_word' id='word_1_222' title='bbox 1118 3337 1182 3400; x_wconf 88' lang='lat' dir='ltr'>ego</span> <span class='ocrx_word' id='word_1_223' title='bbox 1214 3315 1304 3389; x_wconf 90' lang='lat' dir='ltr'>dieo,</span> <span class='ocrx_word' id='word_1_224' title='bbox 1343 3314 1422 3378; x_wconf 89' lang='lat' dir='ltr'>alius</span> <span class='ocrx_word' id='word_1_225' title='bbox 1450 3313 1523 3377; x_wconf 92' lang='lat' dir='ltr'>ido-</span> 
     </span>
     <span class='ocr_line' id='line_1_27' title="bbox 272 3403 1524 3512; baseline -0.002 -22"><span class='ocrx_word' id='word_1_226' title='bbox 272 3427 339 3490; x_wconf 89' lang='lat' dir='ltr'>neis</span> <span class='ocrx_word' id='word_1_227' title='bbox 355 3428 549 3512; x_wconf 82' lang='lat' dir='ltr'>argumentis</span> <span class='ocrx_word' id='word_1_228' title='bbox 565 3450 639 3492; x_wconf 90' lang='lat' dir='ltr'>usus</span> <span class='ocrx_word' id='word_1_229' title='bbox 654 3431 710 3490; x_wconf 87' lang='lat' dir='ltr'>ubi</span> <span class='ocrx_word' id='word_1_230' title='bbox 724 3429 917 3504; x_wconf 73' lang='lat' dir='ltr'>defenderit,</span> <span class='ocrx_word' id='word_1_231' title='bbox 938 3403 979 3491; x_wconf 45' lang='lat' dir='ltr'>‘et</span> <span class='ocrx_word' id='word_1_232' title='bbox 1000 3427 1061 3509; x_wconf 89' lang='lat' dir='ltr'>ipsi</span> <span class='ocrx_word' id='word_1_233' title='bbox 1082 3403 1113 3489; x_wconf 83' lang='lat' dir='ltr'>et</span> <span class='ocrx_word' id='word_1_234' title='bbox 1134 3425 1316 3508; x_wconf 84' lang='lat' dir='ltr'>disciplinae</span> <span class='ocrx_word' id='word_1_235' title='bbox 1338 3423 1524 3509; x_wconf 84' lang='lat' dir='ltr'>epigraphi-</span> 
     </span>
     <span class='ocr_line' id='line_1_28' title="bbox 271 3535 1521 3626; baseline -0.002 -24"><span class='ocrx_word' id='word_1_236' title='bbox 271 3561 327 3604; x_wconf 86' lang='lat' dir='ltr'>cae</span> <span class='ocrx_word' id='word_1_237' title='bbox 358 3540 446 3603; x_wconf 86' lang='lat' dir='ltr'>ultro</span> <span class='ocrx_word' id='word_1_238' title='bbox 482 3539 795 3625; x_wconf 80' lang='lat' dir='ltr'>congratulabimur3</span> <span class='ocrx_word' id='word_1_239' title='bbox 836 3539 1070 3604; x_wconf 84' lang='lat' dir='ltr'>commenticias</span> <span class='ocrx_word' id='word_1_240' title='bbox 1107 3559 1186 3626; x_wconf 87' lang='lat' dir='ltr'>quas</span> <span class='ocrx_word' id='word_1_241' title='bbox 1224 3535 1521 3613; x_wconf 87' lang='lat' dir='ltr'>demonstravimus,</span> 
     </span>
    </p>
   </div>
   <div class='ocr_carea' id='block_1_4' title="bbox 234 3637 1523 4858">
    <p class='ocr_par' dir='ltr' id='par_1_4' title="bbox 234 3637 1523 4054">
     <span class='ocr_line' id='line_1_29' title="bbox 272 3637 1523 3737; baseline -0.003 -21"><span class='ocrx_word' id='word_1_242' title='bbox 272 3674 431 3736; x_wconf 79' lang='lat' dir='ltr'>titioquam</span> <span class='ocrx_word' id='word_1_243' title='bbox 454 3653 545 3718; x_wconf 88' lang='lat' dir='ltr'>uobis</span> <span class='ocrx_word' id='word_1_244' title='bbox 567 3664 603 3715; x_wconf 88' lang='lat' dir='ltr'>ut</span> <span class='ocrx_word' id='word_1_245' title='bbox 623 3637 781 3737; x_wconf 87' lang='lat' dir='ltr'>tamquam</span> <span class='ocrx_word' id='word_1_246' title='bbox 804 3673 900 3716; x_wconf 85' lang='lat' dir='ltr'>verae</span> <span class='ocrx_word' id='word_1_247' title='bbox 931 3654 1161 3731; x_wconf 87' lang='lat' dir='ltr'>obtrudantur,</span> <span class='ocrx_word' id='word_1_248' title='bbox 1196 3651 1364 3734; x_wconf 89' lang='lat' dir='ltr'>patiemur.</span> <span class='ocrx_word' id='word_1_249' title='bbox 1409 3649 1523 3713; x_wconf 90' lang='lat' dir='ltr'>Absti-</span> 
     </span>
     <span class='ocr_line' id='line_1_30' title="bbox 274 3760 1522 3850; baseline -0.002 -24"><span class='ocrx_word' id='word_1_250' title='bbox 274 3764 327 3826; x_wconf 89' lang='lat' dir='ltr'>nni</span> <span class='ocrx_word' id='word_1_251' title='bbox 349 3775 534 3847; x_wconf 87' lang='lat' dir='ltr'>praetcrea,</span> <span class='ocrx_word' id='word_1_252' title='bbox 559 3776 714 3850; x_wconf 88' lang='lat' dir='ltr'>quatenus</span> <span class='ocrx_word' id='word_1_253' title='bbox 736 3785 822 3828; x_wconf 86' lang='lat' dir='ltr'>meae</span> <span class='ocrx_word' id='word_1_254' title='bbox 844 3765 991 3836; x_wconf 74' lang='lat' dir='ltr'>sinebant</span> <span class='ocrx_word' id='word_1_255' title='bbox 1010 3765 1160 3842; x_wconf 88' lang='lat' dir='ltr'>rationes,</span> <span class='ocrx_word' id='word_1_256' title='bbox 1186 3787 1202 3826; x_wconf 90' lang='lat' dir='ltr'>a</span> <span class='ocrx_word' id='word_1_257' title='bbox 1225 3763 1380 3845; x_wconf 85' lang='lat' dir='ltr'>lapidibus</span> <span class='ocrx_word' id='word_1_258' title='bbox 1404 3760 1522 3824; x_wconf 82' lang='lat' dir='ltr'>mtrtilis</span> 
     </span>
     <span class='ocr_line' id='line_1_31' title="bbox 272 3872 1521 3962; baseline 0 -24"><span class='ocrx_word' id='word_1_259' title='bbox 272 3876 427 3962; x_wconf 88' lang='lat' dir='ltr'>nimisque</span> <span class='ocrx_word' id='word_1_260' title='bbox 457 3877 635 3960; x_wconf 88' lang='lat' dir='ltr'>corruptis,</span> <span class='ocrx_word' id='word_1_261' title='bbox 667 3877 727 3941; x_wconf 89' lang='lat' dir='ltr'>etsi</span> <span class='ocrx_word' id='word_1_262' title='bbox 748 3889 884 3960; x_wconf 84' lang='lat' dir='ltr'>propter</span> <span class='ocrx_word' id='word_1_263' title='bbox 905 3901 1001 3941; x_wconf 92' lang='lat' dir='ltr'>uuum</span> <span class='ocrx_word' id='word_1_264' title='bbox 1023 3879 1198 3942; x_wconf 85' lang='lat' dir='ltr'>alterumve</span> <span class='ocrx_word' id='word_1_265' title='bbox 1220 3875 1408 3940; x_wconf 85' lang='lat' dir='ltr'>vocabulum</span> <span class='ocrx_word' id='word_1_266' title='bbox 1433 3872 1521 3957; x_wconf 88' lang='lat' dir='ltr'>digni</span> 
     </span>
     <span class='ocr_line' id='line_1_32' title="bbox 234 3972 689 4054; baseline 0 -2"><span class='ocrx_word' id='word_1_267' title='bbox 234 3972 237 3977; x_wconf 34' lang='lat'>⁵</span> <span class='ocrx_word' id='word_1_268' title='bbox 273 4001 379 4052; x_wconf 85' lang='lat' dir='ltr'>essent</span> <span class='ocrx_word' id='word_1_269' title='bbox 401 3983 689 4054; x_wconf 85' lang='lat' dir='ltr'>animadversione.</span> 
     </span>
    </p>

    <p class='ocr_par' dir='ltr' id='par_1_5' title="bbox 271 4099 1522 4746">
     <span class='ocr_line' id='line_1_33' title="bbox 358 4099 1522 4186; baseline -0.002 -24"><span class='ocrx_word' id='word_1_270' title='bbox 358 4103 420 4164; x_wconf 90' lang='lat' dir='ltr'>Sed</span> <span class='ocrx_word' id='word_1_271' title='bbox 438 4114 604 4186; x_wconf 86' lang='lat' dir='ltr'>¹uteunque</span> <span class='ocrx_word' id='word_1_272' title='bbox 628 4105 781 4166; x_wconf 89' lang='lat' dir='ltr'>eadere</span> <span class='ocrx_word' id='word_1_273' title='bbox 804 4099 972 4166; x_wconf 85' lang='lat' dir='ltr'>iudicatum</span> <span class='ocrx_word' id='word_1_274' title='bbox 996 4103 1112 4176; x_wconf 84' lang='lat' dir='ltr'>suerit,</span> <span class='ocrx_word' id='word_1_275' title='bbox 1143 4100 1176 4164; x_wconf 93' lang='lat' dir='ltr'>id</span> <span class='ocrx_word' id='word_1_276' title='bbox 1198 4101 1305 4162; x_wconf 86' lang='lat' dir='ltr'>saltem</span> <span class='ocrx_word' id='word_1_277' title='bbox 1328 4102 1522 4163; x_wconf 89' lang='lat' dir='ltr'>contendere</span> 
     </span>
     <span class='ocr_line' id='line_1_34' title="bbox 272 4211 1521 4300; baseline -0.004 -24"><span class='ocrx_word' id='word_1_278' title='bbox 272 4213 385 4288; x_wconf 86' lang='lat' dir='ltr'>liceat,</span> <span class='ocrx_word' id='word_1_279' title='bbox 417 4213 612 4300; x_wconf 86' lang='lat' dir='ltr'>antiquarios</span> <span class='ocrx_word' id='word_1_280' title='bbox 636 4213 942 4300; x_wconf 85' lang='lat' dir='ltr'>grammaticosque,</span> <span class='ocrx_word' id='word_1_281' title='bbox 974 4213 1078 4298; x_wconf 90' lang='lat' dir='ltr'>siqui</span> <span class='ocrx_word' id='word_1_282' title='bbox 1100 4212 1279 4298; x_wconf 85' lang='lat' dir='ltr'>diligentius</span> <span class='ocrx_word' id='word_1_283' title='bbox 1301 4213 1385 4274; x_wconf 89' lang='lat' dir='ltr'>buno</span> <span class='ocrx_word' id='word_1_284' title='bbox 1405 4211 1521 4274; x_wconf 76' lang='lat' dir='ltr'>tibmm</span> 
     </span>
     <span class='ocr_line' id='line_1_35' title="bbox 273 4323 1522 4409; baseline -0.003 -21"><span class='ocrx_word' id='word_1_285' title='bbox 273 4325 450 4402; x_wconf 86' lang='lat' dir='ltr'>versarint,</span> <span class='ocrx_word' id='word_1_286' title='bbox 488 4327 564 4391; x_wconf 89' lang='lat' dir='ltr'>satis</span> <span class='ocrx_word' id='word_1_287' title='bbox 592 4327 793 4409; x_wconf 86' lang='lat' dir='ltr'>probabilem</span> <span class='ocrx_word' id='word_1_288' title='bbox 823 4348 931 4390; x_wconf 89' lang='lat' dir='ltr'>earum</span> <span class='ocrx_word' id='word_1_289' title='bbox 962 4347 1067 4389; x_wconf 89' lang='lat' dir='ltr'>rerum</span> <span class='ocrx_word' id='word_1_290' title='bbox 1098 4323 1314 4408; x_wconf 86' lang='lat' dir='ltr'>cognitionem</span> <span class='ocrx_word' id='word_1_291' title='bbox 1343 4325 1417 4388; x_wconf 84' lang='lat' dir='ltr'>sore</span> <span class='ocrx_word' id='word_1_292' title='bbox 1444 4342 1522 4404; x_wconf 88' lang='lat' dir='ltr'>per·</span> 
     </span>
     <span class='ocr_line' id='line_1_36' title="bbox 273 4435 1521 4524; baseline -0.003 -24"><span class='ocrx_word' id='word_1_293' title='bbox 273 4450 436 4520; x_wconf 89' lang='lat' dir='ltr'>cepturos,</span> <span class='ocrx_word' id='word_1_294' title='bbox 455 4461 535 4524; x_wconf 90' lang='lat' dir='ltr'>quae</span> <span class='ocrx_word' id='word_1_295' title='bbox 550 4461 590 4502; x_wconf 82' lang='lat' dir='ltr'>ex</span> <span class='ocrx_word' id='word_1_296' title='bbox 601 4440 726 4503; x_wconf 85' lang='lat' dir='ltr'>Latinis</span> <span class='ocrx_word' id='word_1_297' title='bbox 746 4437 1003 4522; x_wconf 86' lang='lat' dir='ltr'>inscriptionibus</span> <span class='ocrx_word' id='word_1_298' title='bbox 1021 4435 1164 4500; x_wconf 89' lang='lat' dir='ltr'>condisci</span> <span class='ocrx_word' id='word_1_299' title='bbox 1183 4450 1337 4518; x_wconf 83' lang='lat' dir='ltr'>possunt;</span> <span class='ocrx_word' id='word_1_300' title='bbox 1361 4446 1414 4498; x_wconf 89' lang='lat' dir='ltr'>aut</span> <span class='ocrx_word' id='word_1_301' title='bbox 1435 4445 1521 4498; x_wconf 87' lang='lat' dir='ltr'>certe</span> 
     </span>
     <span class='ocr_line' id='line_1_37' title="bbox 271 4548 1521 4636; baseline -0.003 -24"><span class='ocrx_word' id='word_1_302' title='bbox 271 4549 422 4614; x_wconf 87' lang='lat' dir='ltr'>uberiore</span> <span class='ocrx_word' id='word_1_303' title='bbox 446 4552 648 4636; x_wconf 73' lang='lat' dir='ltr'>ettrrilructu</span> <span class='ocrx_word' id='word_1_304' title='bbox 670 4553 791 4636; x_wconf 88' lang='lat' dir='ltr'>magnis</span> <span class='ocrx_word' id='word_1_305' title='bbox 814 4549 1057 4616; x_wconf 88' lang='lat' dir='ltr'>collectionibus</span> <span class='ocrx_word' id='word_1_306' title='bbox 1080 4549 1284 4634; x_wconf 85' lang='lat' dir='ltr'>perlegendis</span> <span class='ocrx_word' id='word_1_307' title='bbox 1308 4548 1521 4611; x_wconf 88' lang='lat' dir='ltr'>aestimandis·</span> 
     </span>
     <span class='ocr_line' id='line_1_38' title="bbox 271 4647 972 4746; baseline 0.004 -23"><span class='ocrx_word' id='word_1_308' title='bbox 271 4684 332 4746; x_wconf 87' lang='lat' dir='ltr'>que</span> <span class='ocrx_word' id='word_1_309' title='bbox 357 4683 489 4744; x_wconf 85' lang='lat' dir='ltr'>operam</span> <span class='ocrx_word' id='word_1_310' title='bbox 511 4665 715 4745; x_wconf 86' lang='lat' dir='ltr'>postmodum</span> <span class='ocrx_word' id='word_1_311' title='bbox 738 4667 867 4731; x_wconf 86' lang='lat' dir='ltr'>daturos</span> <span class='ocrx_word' id='word_1_312' title='bbox 892 4647 972 4726; x_wconf 79' lang='lat' dir='ltr'>esse.</span> 
     </span>
    </p>

    <p class='ocr_par' dir='ltr' id='par_1_6' title="bbox 360 4772 1522 4858">
     <span class='ocr_line' id='line_1_39' title="bbox 360 4772 1522 4858; baseline -0.003 -21"><span class='ocrx_word' id='word_1_313' title='bbox 360 4777 459 4855; x_wconf 79' lang='lat' dir='ltr'>erod</span> <span class='ocrx_word' id='word_1_314' title='bbox 492 4775 519 4838; x_wconf 91' lang='lat' dir='ltr'>si</span> <span class='ocrx_word' id='word_1_315' title='bbox 551 4775 628 4838; x_wconf 86' lang='lat' dir='ltr'>nibil</span> <span class='ocrx_word' id='word_1_316' title='bbox 662 4775 746 4840; x_wconf 88' lang='lat' dir='ltr'>aliud</span> <span class='ocrx_word' id='word_1_317' title='bbox 779 4775 1023 4858; x_wconf 88' lang='lat' dir='ltr'>praestitissem,</span> <span class='ocrx_word' id='word_1_318' title='bbox 1064 4775 1115 4838; x_wconf 81' lang='lat' dir='ltr'>vel</span> <span class='ocrx_word' id='word_1_319' title='bbox 1147 4776 1211 4838; x_wconf 90' lang='lat' dir='ltr'>boe</span> <span class='ocrx_word' id='word_1_320' title='bbox 1244 4772 1522 4844; x_wconf 75' lang='lat' dir='ltr'>tamensufficere</span> 
     </span>
    </p>
   </div>
   <div class='ocr_carea' id='block_1_5' title="bbox 0 0 1636 5414">
    <p class='ocr_par' dir='ltr' id='par_1_7' title="bbox 0 0 1636 5414">
     <span class='ocr_line' id='line_1_40' title="bbox 0 0 1636 5414; baseline 0 2"><span class='ocrx_word' id='word_1_321' title='bbox 0 0 1636 5414; x_wconf 95' lang='lat' dir='ltr'> </span> 
     </span>
    </p>
   </div>
  </div>
 </body>
</html>
