3386 5414
296 455 353 516 111
479 451 513 510 c.
535 451 615 510 vm.
662 450 855 510 ausimum
874 451 1001 510 namo
1021 449 1130 510 arvo
1150 415 1360 510 romanos.

373 589 458 643 1111.
487 583 640 642 maniis
670 585 681 642 t
712 582 907 642 antimius
929 583 1047 642 nerto
1078 584 1090 644 1
1123 581 1287 640 suanno
1306 579 1541 639 aosaronr

174 687 177 702 ·
296 677 339 734 m
358 677 520 736 inorme
550 679 585 735 1².
609 663 668 734 itii
690 679 702 738 1
724 678 891 737 maeno
908 665 1061 736 11111Χῖ
1081 707 1118 720 -
1144 675 1265 735 nonae.
1289 675 1410 732 oleru
1428 694 1459 751 p.
1473 679 1541 734 ssu.

369 789 579 850 NVMEIIIVS
601 791 774 868 frequenter
783 793 815 849 in
827 792 934 868 primis
954 790 1065 866 legitur
1083 792 1114 847 in
1132 788 1213 865 lnpp.
1228 789 1418 863 Pompeianis
1434 804 1544 846 reeens

295 881 425 940 effossis.
467 883 530 941 cir.
563 883 696 942 Pahrett.
727 895 780 952 50,
816 887 880 944 145.
946 883 1088 942 OCCIVS
1122 886 1201 941 inter
1231 897 1416 958 perrenorum.
1449 881 1544 940 refert

264 971 268 981 '
295 975 374 1033 Mur.
398 981 486 1048 1526,
517 987 563 1044 7.,
592 978 643 1035 sed
660 997 765 1054 parum
787 978 993 1056 probabiliter.
1034 975 1219 1035 PAVLLVS
1243 993 1424 1052 praenomen
1445 977 1547 1052 gentis

293 1067 415 1128 Fabiae.
430 1090 459 1126 v.
476 1090 503 1128 c.
525 1073 594 1130 Act.
611 1075 691 1128 Frol.
709 1077 784 1128 Aru.
805 1073 880 1130 st.
902 1081 927 1130 1.
968 1069 1154 1130 PAVLLVS
1174 1069 1321 1130 FABIVS
1343 1069 1382 1144 Q.
1405 1070 1440 1126 F.
1465 1067 1545 1128 MA-

294 1163 436 1222 XIMVS.
470 1183 499 1221 v.
521 1165 684 1242 Marinip.
706 1174 751 1229 15.
777 1173 822 1228 76.
845 1179 875 1224 et
893 1164 1025 1224 Pabrett
1049 1185 1080 1242 p
1102 1173 1149 1229 25

72 1361 75 1369 Ι
369 1293 436 1351 Hae
418 1295 601 1373 enbuchius
621 1297 657 1354 ds
680 1299 736 1354 hoc
756 1300 949 1387 praenomine
970 1301 1009 1355 ita
1030 1297 1208 1372 disputavit:
1240 1293 1310 1368 „Ex
1323 1295 1546 1354 Gordeniiltr'-

192 1372 195 1378 ¹
292 1395 406 1442 serario
425 1393 474 1444 Aa
455 1393 550 1462 agliae
569 1400 704 1464 spi
631 1400 704 1444 ml
704 1393 792 1444 roualt
811 1391 893 1450 Mafl'.
914 1395 993 1446 Mus.
1016 1392 1085 1447 Ver.
1102 1394 1173 1460 446,
1196 1391 1313 1449 lette

520 1494 547 1544 1
1113 1488 1141 1544 4.

366 1579 452 1636 2716.
473 1575 540 1635 nis
560 1577 750 1652 DEABVSQ
864 1587 948 1641 2717.
970 1578 1051 1637 PRO
1071 1575 1123 1636 SA
1138 1618 1245 1636 .....

479 1671 515 1728 Ρ.
537 1670 770 1734 POSTVMIVS
960 1671 1161 1731 ANTONINI
1181 1671 1276 1730 AVG.
1297 1671 1351 1730 PII

477 1765 697 1825 ACILIANVS
962 1765 1121 1825 PAVLVS
1136 1767 1170 1824 Ρ.
1185 1767 1220 1844 F,
1236 1765 1445 1824 PALATINA

536 1859 667 1918 PRAEF
962 1859 1194 1921 POSTVMIVS
1216 1851 1433 1918 ACILIANVS

479 1943 618 2012 comi
639 1956 762 2015 1111111.
960 1935 1544 2016 111111.οο11.ῑῗ1111.1111111.-

363 2047 438 2104 locis
461 2067 522 2105 non
542 2049 692 2120 indicans.
846 2051 985 2112 Maffeius
1003 2055 1034 2111 in
1053 2071 1108 2110 sno
1126 2052 1230 2110 Indice
1249 2054 1419 2112 nominum:

365 2161 433 2200 voe.
455 2145 632 2198 Postremius:
778 2185 780 2192 .
846 2147 903 2219 ,R
921 2147 1092 2204 Postumius
1107 2147 1273 2204 Acilianos.
1291 2149 1363 2212 446,
1386 2142 1433 2202 1.”

364 2254 432 2294 voe.
453 2239 574 2292 Pardus:
841 2242 974 2313 „Paulus
991 2243 1162 2298 Postumius
1181 2241 1348 2299 Acilianus.
1369 2241 1442 2307 446,
1464 2237 1513 2299 4.”

286 2328 395 2388 Nonne
416 2333 447 2389 in
465 2343 593 2412 utroque
614 2335 713 2411 lapide
739 2336 816 2394 idem
841 2338 929 2393 homo
950 2337 1060 2393 referri
1078 2334 1218 2394 videtur?
1258 2337 1345 2392 Tune
1364 2333 1400 2391 P.
1419 2333 1489 2390 loeo
1510 2339 1543 2391 1.

289 2442 368 2494 non,
390 2437 423 2482 nt
435 2427 542 2505 vulgo,
564 2429 678 2482 Publius
697 2447 880 2505 praenomen
899 2433 972 2498 erit,
1002 2429 1055 2488 aed
1073 2431 1178 2484 Pardus
1195 2447 1389 2506 praenomen.
1430 2427 1473 2484 At
1493 2437 1544 2484 te-

289 2536 371 2602 mere
390 2537 487 2598 neque
510 2523 541 2577 in
561 2521 628 2578 loco
652 2533 679 2582 1.
700 2524 824 2600 legerim
844 2525 878 2580 P.
901 2525 1007 2602 siglam
1026 2526 1146 2593 Pardus,
1168 2543 1265 2602 neque
1285 2520 1444 2580 PAVLVS
1459 2521 1543 2584 Gerr

288 2609 371 2668 donii
393 2612 451 2670 loc.
469 2619 497 2674 4.
522 2626 644 2672 extense
667 2635 825 2692 perperam
840 2620 985 2694 seriptum
1003 2638 1060 2695 pro
1072 2619 1108 2675 P.
1128 2619 1192 2675 solo
1212 2619 1245 2694 (i.
1266 2637 1293 2674 e.
1314 2615 1442 2692 Pisum)
1464 2635 1542 2674 con-

289 2705 422 2762 iecerim.
461 2706 512 2764 An
530 2725 587 2783 pro
608 2709 768 2770 PAVLVS
788 2711 920 2788 legemus
940 2713 975 2770 P.
995 2711 1164 2771 AELIVS?
1205 2713 1292 2770 Tune
1310 2729 1349 2771 ex
1367 2709 1540 2773 nominihus

289 2799 448 2876 gentilieiis
472 2800 588 2860 duobus
614 2803 672 2861 loc.
699 2814 725 2863 1.
754 2809 885 2881 positum
911 2807 999 2866 modo
1022 2818 1102 2866 esset
1119 2809 1287 2883 posterius,
1328 2808 1431 2881 priore
1449 2805 1541 2882 plane

289 2895 418 2962 omisso,
445 2907 478 2953 ut
503 2899 632 2974 saepius.
683 2899 826 2958 Fortasse
851 2914 986 2978 praestat
1006 2902 1065 2959 loo.
1093 2911 1120 2964 1.
1148 2914 1281 2978 patrem,
1309 2899 1376 2958 loeo
1396 2903 1424 2959 4.
1444 2897 1541 2958 lilium

288 3007 471 3066 agnoscere,
493 2994 544 3070 qui
565 2995 646 3068 patri
671 2995 702 3050 in
729 2995 921 3054 Praefectura
943 2996 1017 3055 Cels.
1045 2980 1081 3052 Ι“.’
1117 2995 1321 3054 Delmatarum
1339 2995 1539 3062 successerit,

287 3093 473 3162 paternoque
499 3089 694 3161 praenomine
717 3089 819 3162 dietus⁴
835 3091 948 3144 Pullius
966 3109 1027 3148 non
1047 3092 1102 3160 sit,
1132 3089 1185 3148 sed
1204 3089 1265 3146 Pau
1276 3107 1308 3140 us
1330 3089 1419 3142 Publii
1437 3079 1541 3156 Filium,

287 3197 363 3256 quae
387 3183 591 3254 praenominis
610 3183 693 3236 Perdi
707 3186 816 3242 raritas
832 3183 982 3256 effecerit,
1002 3195 1037 3252 ut
1057 3184 1092 3242 P.
1110 3184 1145 3242 F.
1166 3181 1376 3243 PALATINA
1389 3180 1541 3240 incidere-

286 3283 339 3330 tur
358 3284 427 3332 aute
446 3273 691 3335 POSTVMIVS.
921 3263 924 3269 Δ

361 3386 525 3446 PAVLLO
554 3389 727 3447 AEMILIO
756 3390 906 3449 PAVLLI
933 3391 969 3448 P.
997 3389 1160 3449 PALatiua
1189 3385 1367 3448 REGILLO
1392 3389 1424 3444 in
1446 3387 1536 3448 Grut.
1655 3473 1656 3480 φ

286 3485 358 3550 548,
380 3485 408 3540 9.
429 3483 555 3559 legitur,
578 3483 822 3562 Scaligernmque
835 3495 920 3544 notat
937 3483 1116 3552 Pahrettus,
1135 3504 1166 3560 p.
1178 3491 1244 3552 25.,
1266 3485 1317 3561 qui
1328 3484 1362 3541 In
1374 3483 1538 3540 1110111111ιί-
1655 3481 1656 3488 ’

286 3594 360 3634 omn
383 3575 481 3634 indies
504 3577 635 3646 dederit,
657 3597 718 3638 non
738 3597 811 3636 voce
830 3581 984 3648 Aemilius,
1007 3579 1077 3648 sed,
1099 3579 1184 3656 qnasi
1205 3595 1389 3653 praenomen
1404 3595 1466 3634 non
1488 3595 1537 3634 es-

288 3682 344 3739 set,
366 3689 440 3728 voce
452 3673 578 3726 Pusillus.
620 3672 743 3731 Gruteri
761 3693 867 3731 saxam
886 3675 992 3732 nititur
1011 3671 1154 3747 αὑτοψίᾳ
1169 3670 1287 3730 Schotti
1306 3682 1337 3730 et
1359 3670 1474 3729 aeltedis
1486 3671 1539 3729 Pi-

286 3765 422 3840 ghisnist
462 3777 492 3822 at
520 3765 631 3824 Metelli
658 3767 784 3825 schedae
809 3767 920 3826 hahent
944 3768 1044 3822 Paullo
1069 3769 1186 3820 Aimilio
1215 3767 1248 3822 P.
1276 3767 1307 3820 F.
1333 3766 1396 3820 Pal.
1420 3765 1536 3836 sagulo.

285 3857 437 3918 Bibranns
462 3863 559 3937 magis
586 3863 675 3918 etiam
694 3864 807 3919 variat:
833 3865 866 3919 L.
887 3866 983 3916 Aemil.
1004 3863 1097 3916 Paulli
1116 3862 1146 3916 F.
1166 3861 1261 3914 Perilli
1278 3863 1318 3916 N.
1337 3859 1458 3930 Regillo.
1497 3859 1537 3918 Vl

286 3953 430 4012 ineditum
455 3953 602 4012 dederunt
620 3954 778 4014 Fabrettns
799 3975 829 4036 p.
848 3960 919 4027 459,
943 3961 988 4016 79.
1013 3967 1042 4014 et
1061 3955 1171 4012 Murat.
1192 3958 1263 4024 668,
1285 3954 1335 4018 5.”

360 4047 592 4120 POSTVMVS.
611 4070 640 4106 v.
659 4047 792 4110 Fabrett.
813 4071 845 4127 p.
866 4055 913 4110 50.
937 4059 1001 4113 157.
1022 4049 1073 4108 ulti
1095 4061 1195 4108 temen
1209 4048 1346 4115 dubium,
1368 4068 1407 4106 an
1426 4050 1466 4106 sit
1483 4066 1536 4104 ve·

285 4159 578 4292 ἓαῆἔνειυοωειιε
619 4142 815 4203 POSTVMO
845 4147 856 4205 ΙΙ
885 4144 1089 4203 TVSSANIO
1116 4144 1179 4203 CN.
1201 4144 1235 4202 F.
1262 4143 1334 4200 ANI
1352 4141 1418 4220 (sic)
1441 4141 1534 4200 PRO-

363 4329 526 4388 PRIMVS.
547 4361 585 4376 —·
604 4331 718 4390 PRIMI
737 4331 933 4390 PAMPHILI
953 4331 1137 4392 SECVNDI.
1170 4363 1201 4376 -
1242 4329 1344 4390 Maffei
1361 4331 1442 4386 Mus.
1464 4330 1530 4387 Ver.

284 4443 318 4565 i,
341 4423 530 4576 11151111718
510 4539 567 4594 pro
586 4521 779 4595 praenomine
799 4517 887 4579 habel
905 4523 1050 4580 zaccaria
1069 4541 1100 4599 p.
1121 4527 1166 4584 75.
1186 4539 1223 4578 ex
1242 4520 1303 4597 lap.
1318 4511 1531 4578 Mediolanensi

283 4633 332 4692 ap.
356 4611 440 4672 Mod.
461 4615 540 4670 Mau.
560 4617 630 4671 Ver.
649 4633 680 4692 p.
702 4619 773 4684 569,
794 4619 841 4676 6:

361 4753 444 4808 2718.
474 4746 511 4803 D.
536 4745 567 4804 M
596 4745 608 4803 l
637 4746 729 4804 PVPI
751 4747 876 4806 ACVTI
899 4747 911 4806 ΙΙ
939 4747 1095 4806 IVSTINI
1117 4747 1130 4807 ll
1152 4746 1389 4806 VIIIILLIENA
1410 4747 1424 4808 I
1443 4741 1534 4804 citu

182 4923 188 4936 .
282 4839 487 4900 SCENTINA
518 4843 531 4902 t
565 4840 708 4900 MATER
726 4841 1047 4904 INFELIICISSIMA
1079 4842 1092 4902 t
1121 4841 1308 4900 sitio-
1348 4840 1409 4902 Sed
1429 4849 1476 4900 ast
1495 4849 1529 4894 re
