3466 5928
545 374 551 384 ¹
636 369 908 430 urtcnsuntct
927 371 994 430 vn.
1360 381 1434 458 „tet

192 503 251 554 bris
280 489 405 570 veteres,
450 521 520 576 quas
549 507 584 557 its
613 503 721 558 seltedIs
751 509 932 558 recentiores·
957 504 1037 558 nodis
1071 508 1260 559 servaverint.
1307 464 1433 563 accitare

191 613 288 668 quatu
318 613 366 650 sne
401 598 494 672 parole
529 603 573 654 toi
610 604 809 672 soggiunget03
852 597 997 650 eonsilium
1031 597 1081 650 hoc
1116 606 1226 650 tanturn
1257 597 1360 670 abest,
1400 609 1433 651 ut

190 691 334 760 damnem,
367 692 452 746 laudo
474 697 582 764 potins.
626 693 689 748 Non
714 691 817 746 dorato
834 689 943 764 dunque
963 688 1090 758 credere,
1122 692 1174 748 che
1198 695 1241 745 toi
1269 707 1429 766 approvtste
1487 741 1491 754 ,
1540 713 1543 724 ·

190 784 228 837 tal
259 799 310 838 tuo
342 788 465 860 parere?
502 787 578 840 Dore
609 785 647 840 ho
678 791 707 840 io
737 785 813 842 detto
846 787 897 842 che
929 789 974 840 roi
991 784 1128 841 credine
1160 784 1233 838 nihil
1260 786 1430 844 discriminis

188 879 368 930 statuendum
408 883 483 932 inter
522 894 576 934 cet.
618 887 646 932 ei
681 898 752 951 qttae
787 898 825 932 ex
860 881 982 931 odorrem
1021 877 1129 930 schedis
1160 879 1312 950 flagitiose
1346 898 1427 952 saepe

187 977 331 1044 corruptis
354 975 427 1027 ceti
454 973 517 1028 Nou
539 972 577 1026 bo
599 976 655 1025 tuai
675 988 790 1047 pensato
807 973 845 1026 tal
864 989 938 1027 cosa.
970 973 1008 1024 La
1026 977 1080 1026 mitt
1099 970 1208 1046 disputa
1225 973 1268 1026 col
1289 975 1426 1036 Muratuti

189 1082 252 1130 era,
274 1083 303 1119 se
319 1069 359 1120 sia
380 1066 478 1120 inutile
499 1067 519 1120 tt
541 1082 635 1120 cereat-
654 1063 682 1118 di
701 1065 796 1120 vedere
816 1066 841 1122 le
860 1083 945 1120 ateste
965 1071 1068 1138 pietro,
1086 1083 1104 1118 o
1123 1083 1152 1118 te
1172 1071 1213 1120 sia
1229 1067 1248 1118 i·
1269 1071 1365 1122 istesso
1381 1084 1428 1124 va-

187 1158 253 1212 lersi
271 1157 341 1212 delle
360 1159 481 1214 raccolte
504 1161 585 1216 tiss.
606 1176 623 1212 ο
646 1158 674 1212 di
698 1165 786 1234 copie.
831 1158 996 1232 Vcdoffora,
1027 1159 1078 1222 che
1105 1163 1149 1212 voi
1171 1175 1279 1213 curvate
1301 1161 1374 1216 altro
1397 1167 1426 1214 in

187 1267 296 1318 munte,
327 1251 471 1306 scrivendo
491 1253 579 1326 quelle
598 1253 707 1326 parole,
738 1271 783 1306 ma
799 1270 854 1306 non
871 1269 970 1326 potero
986 1252 1129 1324 pensatio,
1155 1271 1244 1305 enon
1264 1270 1295 1305 to
1313 1272 1426 1307 cornea

187 1347 233 1396 cio
247 1349 270 1397 ti
285 1342 408 1399 riferitca
421 1347 546 1420 Eunapio
559 1365 574 1400 e
589 1348 748 1414 Processit,
768 1343 810 1400 de'
824 1344 897 1418 quali
915 1351 950 1398 ivi
966 1347 1103 1399 Muratori
1117 1365 1172 1398 non
1187 1347 1262 1420 pnrla
1280 1366 1305 1416 p.
1321 1353 1383 1404 115,
1399 1355 1424 1402 2.

187 1441 300 1506 Quanto
326 1439 351 1491 al
374 1436 423 1492 dar
447 1445 475 1494 io
497 1443 640 1494 iscrizioni
664 1458 741 1514 prete
765 1438 799 1492 da
819 1441 889 1493 Mat.
909 1456 965 1491 non
986 1445 1074 1511 poteri
1095 1437 1181 1506 farlo,
1210 1441 1310 1513 perciti
1327 1457 1383 1493 non
1399 1441 1425 1494 lc

188 1532 227 1584 ho
249 1536 303 1585 mai
324 1536 473 1606 ricopiata3
492 1551 549 1586 non
566 1533 593 1586 lo
612 1532 703 1600 darei,
722 1531 822 1606 peschi
843 1549 899 1584 nou
920 1536 946 1584 ci
965 1531 1002 1584 ho
1023 1529 1092 1585 fede.

261 1624 337 1678 Dove
353 1624 418 1678 dico
437 1645 464 1700 p.
479 1630 542 1684 159.
563 1635 622 1678 iant
640 1643 761 1695 magnus
778 1643 906 1677 nennertts
924 1625 1044 1676 nondum
1056 1634 1243 1698 appartterni,
1270 1625 1284 1679 ὲ
1309 1643 1424 1701 spropo-

177 1721 257 1785 sito,
278 1737 293 1772 e
313 1717 368 1772 beu
384 1722 408 1770 ti
430 1735 560 1792 corregge
579 1716 612 1770 dt
630 1721 685 1772 toi.

261 1812 324 1864 Non
346 1811 382 1863 ho
401 1826 494 1886 tempo
510 1809 538 1864 di
556 1815 683 1884 ragionar
699 1826 714 1862 a
733 1810 817 1882 lungo
837 1827 890 1862 con
909 1813 964 1876 roi,
986 1825 1065 1863 come
1085 1809 1220 1866 desidero·
1247 1812 1327 1866 Delia
1344 1811 1423 1868 dotta

185 1919 280 1956 vostra
299 1921 381 1977 opera
403 1922 484 1980 sopra
504 1905 526 1958 tt
542 1905 651 1960 Distico
670 1904 697 1959 di
716 1905 828 1958 Breucia
849 1903 893 1975 gii
913 1908 938 1956 vi
962 1909 1055 1957 scritti
1078 1903 1103 1956 le
1122 1895 1221 1958 dotut'e
1244 1902 1311 1958 lodi.
1325 1899 1424 1960 ''Con-

184 2001 329 2050 servatettti
352 1997 378 2049 la
404 2013 495 2052 vostra
519 2003 621 2072 grauia.
659 2000 703 2054 Mi
723 1997 849 2050 contien’
868 2012 916 2049 ora
936 2013 1034 2071 pensor
1058 2011 1074 2048 a
1101 1997 1163 2050 tutt'
1183 1997 1253 2050 altro
1274 2001 1326 2052 che
1345 2003 1423 2054 iscri-

76 2154 81 2165 Ι
162 2079 277 2162 ἰἰοιιῑ,
299 2093 481 2147 maritaverit
499 2082 607 2168 compre
627 2109 682 2148 con
700 2107 767 2166 grou
785 2095 895 2165 piacsre
914 2089 941 2143 le
959 2107 1048 2145 vostre
1068 2095 1263 2144 osserrorioni.

986 2185 1087 2237 Vostro
1106 2185 1160 2236 dir.
1180 2183 1257 2238 obbl.
1276 2201 1346 2240 sert.

961 2275 1114 2350 Stre}
1148 2275 1370 2335 merrus.

761 2553 840 2614 VII.

255 2688 298 2744 Ad
317 2687 363 2742 titt
381 2689 433 2742 cot
448 2688 597 2744 itinerari
611 2653 770 2742 conidasiot'
786 2688 838 2758 giis
856 2692 897 2742 sic
914 2685 1061 2760 respondet
1077 2685 1307 2759 Hagenltttchiut:

247 2781 438 2838 vPraefatiouit
458 2781 534 2834 Tuae
551 2785 662 2854 paginas
679 2781 757 2835 v111.
781 2781 828 2836 fin.
847 2797 874 2834 et
891 2782 983 2834 viiii.
1003 2785 1065 2832 init.
1088 2785 1134 2851 qui
1155 2780 1238 2852 legit,
1272 2781 1305 2836 de
1324 2781 1420 2836 verbn-

180 2889 242 2926 rum
259 2875 513 2928 Muratorisuorutu
528 2873 669 2926 laudatore
685 2872 908 2945 (Hagenbuthio)
922 2877 1016 2926 mitius
1033 2871 1088 2938 Te,
1105 2887 1189 2944 quarn
1209 2871 1243 2925 de
1264 2876 1437 2935 Muratorio„

181 2971 243 3039 ipro
267 2971 399 3034 sensisse,
427 2983 484 3019 uon
510 2967 626 3039 putabit.
672 2965 900 3034 Quaesitum,
929 2964 989 3017 Tua
1012 2963 1059 3016 llltt
1084 2964 1121 3016 ab
1143 2965 1200 3016 elio
1223 2971 1308 3017 etiam
1332 2987 1418 3040 nrtper

180 3059 272 3131 Epist.
291 3059 392 3132 Epigr.
415 3079 445 3130 p.
465 3063 512 3119 δἰ.
530 3059 648 3112 laudato
671 3077 704 3112 ex
726 3056 896 3132 praefatione
919 3058 972 3112 hac
990 3057 1159 3120 caulatteut;
1186 3063 1233 3129 qui
1255 3076 1329 3113 certe
1351 3075 1419 3133 pan-

179 3170 231 3208 nus
261 3171 395 3226 purpurae
419 3152 495 3206 Tuae
519 3157 605 3208 intexi
630 3170 687 3208 non
715 3149 842 3208 debebat.
886 3151 979 3206 Mearn
1002 3155 1078 3205 enirn
1096 3153 1245 3207 Muratorii
1273 3153 1418 3208 verborum

178 3244 367 3300 laudationem
386 3251 416 3300 in
431 3246 629 3300 alienissimum
649 3247 689 3300 Te
708 3262 821 3306 sensum
843 3251 981 3319 rapuisse,
1010 3249 1075 3316 quia
1093 3245 1328 3332 exsuperioribus
1349 3251 1417 3300 nteit

177 3341 267 3395 literis
288 3343 358 3394 meis
377 3339 501 3393 nondum
521 3339 679 3413 pervidisti,
706 3339 814 3414 planitas
838 3336 1050 3394 ctitmdocebo.
1097 3339 1193 3404 Veris,
1226 3344 1333 3411 inquit,
1365 3359 1417 3393 ora

176 3434 226 3487 else
245 3439 294 3488 voi
318 3463 349 3482 ι·
369 3433 456 3507 peria
475 3451 502 3507 p.
520 3438 591 3500 115,
609 3439 636 3488 2.
674 3435 831 3500 Potuittes,
861 3437 947 3486 itntttn
966 3429 1106 3486 debuisset
1126 3449 1185 3486 rent
1209 3433 1281 3486 hanc
1304 3450 1416 3491 omnem

178 3541 236 3582 tant
257 3533 351 3582 auimo
373 3543 502 3596 cernere,
531 3541 613 3598 quant
639 3541 708 3599 quae
731 3527 819 3582 oeulis
840 3541 999 3580 cernuntur.
1037 3525 1078 3579 De
1095 3541 1212 3597 quanam
1235 3530 1416 3599 inscriptione

176 3621 688 3696 Muertorturp.11⁵.2.toqrtturt
727 3622 770 3676 An
796 3619 830 3674 de
854 3618 971 3675 videnda
996 3617 1086 3674 adhuc
1109 3624 1139 3673 iu
1162 3618 1270 3692 tripode
1289 3623 1416 3676 vetusto?

176 3717 220 3769 An
240 3712 273 3768 de
292 3731 452 3769 contestata
473 3721 502 3769 iu
523 3712 632 3770 schedis
650 3712 869 3770 recentioribus?
904 3714 1040 3769 Neutrum
1052 3713 1143 3768 dicest
1163 3711 1211 3766 sed
1223 3711 1313 3788 ipsa,
1333 3731 1415 3786 quarn

175 3805 332 3864 Herodotus
356 3809 386 3862 L.
408 3813 434 3867 5.
460 3809 491 3864 C.
511 3811 556 3868 59.
577 3812 728 3864 memoriae
749 3814 867 3882 posteris
892 3805 1025 3894 prodidit.
1062 3807 1121 3862 iiac
1147 3811 1296 3860 occasione
1313 3813 1414 3862 merito

175 3917 241 3954 utut
266 3905 436 3958 Muratoriut
459 3902 605 3956 consiliunt
631 3919 729 3969 suunt,
758 3907 970 3977 inscriptiones,
998 3917 1065 3974 quat
1087 3900 1213 3954 inlibris
1234 3905 1290 3954 suit
1310 3917 1414 3956 veteres

173 3994 256 4049 nobit
276 4010 429 4050 servassent
453 3995 593 4049 Thesauro
613 4013 664 4050 tuo
683 3994 838 4064 inserendi,
866 3996 910 4049 his
930 3995 1019 4049 verbis
1039 3999 1166 4068 exponit:
1199 3994 1414 4048 Vetustissimos

173 4093 296 4140 omilium
310 4097 382 4160 patio
399 4073 599 4160 Inscriptiones
618 4095 648 4142 in
659 4095 757 4142 ‘sacris
774 4090 900 4142 donariis
917 4094 1043 4158 positas,
1075 4087 1177 4158 leaeque
1195 4093 1314 4140 nummis
1332 4095 1413 4141 nnit'-
1487 4086 1490 4093 ’

172 4187 278 4254 patinis
292 4189 452 4252 praestare.
489 4183 615 4236 Isiarttnt
641 4188 779 4254 specimen
802 4201 840 4234 ex
864 4189 986 4254 antiquis
1010 4181 1195 4253 scriptoribus
1223 4181 1274 4234 ltuc
1303 4183 1414 4254 inferre
1525 4203 1534 4218 ⁴-

171 4274 293 4330 decrevi.
330 4276 446 4328 Nolim
466 4281 540 4328 enim
557 4275 707 4328 discrimen
726 4285 823 4328 sinino
841 4282 917 4328 inter
932 4281 1139 4347 epigrammata
1154 4273 1244 4326 adhue
1261 4281 1291 4328 in
1307 4279 1413 4348 lapidi·-
1468 4295 1472 4306 ¹

171 4369 223 4420 bras
240 4373 562 4434 nuntiassemus,
594 4378 623 4422 ei
645 4389 714 4440 quae
732 4376 763 4422 in
785 4373 844 4422 sitis
862 4369 943 4421 libris
962 4378 1088 4435 veteres,
1120 4377 1171 4420 atti
1188 4375 1218 4421 in
1236 4370 1343 4422 schedis
1363 4389 1413 4420 re·
1494 4417 1498 4437 ¹

170 4467 309 4514 aridiores
337 4462 417 4514 nobis
443 4481 603 4517 servavere.
650 4465 691 4518 De
716 4464 770 4517 hoc
795 4462 915 4518 consilio
935 4479 985 4516 suo
1001 4465 1172 4517 Muratorius
1197 4481 1252 4518 non
1278 4462 1361 4515 ntodo
1384 4467 1412 4515 in

171 4551 456 4629 praestrueretur,
484 4553 531 4612 ssd
554 4573 602 4628 par
624 4571 714 4618 toturn
736 4557 910 4611 Thesaurum
929 4573 1008 4610 suurn
1033 4572 1146 4628 usquam
1167 4555 1233 4610 alibi
1254 4573 1315 4608 eunt
1335 4555 1414 4627 quid·

171 4664 255 4720 quant
280 4665 338 4702 uon
359 4654 472 4704 memini
490 4665 613 4704 mouere.
656 4650 782 4724 scriptor
801 4649 988 4725 Epistularum
1014 4651 1253 4724 epigrapbicarunt
1273 4649 1326 4702 hoc
1348 4651 1414 4703 Mu-

170 4746 270 4796 rstorii
289 4742 437 4798 consiliunt
457 4762 486 4818 p.
507 4747 552 4806 si.
569 4741 744 4812 laudaturus,
764 4741 798 4797 de
814 4758 931 4817 quanam
949 4749 1006 4817 agit
1026 4744 1228 4816 inscriptione?
1266 4741 1362 4812 Neque
1379 4741 1413 4794 de
