3264 5414
495 459 892 530 PRAEFATIO·
1007 505 1010 527 ,
1279 464 1317 524 17

83 599 342 708 supplementum,
378 627 495 712 partim
527 647 568 694 ets
602 627 741 694 eiiudem
774 629 898 694 schedis
933 631 1178 714 depromptum,
1217 631 1274 692 sed
1302 651 1317 691 a
1418 645 1421 651 ·

81 738 160 804 uobis
180 739 340 826 singulari
361 741 469 836 studio
491 754 630 806 auctum.
674 741 708 806 A
727 741 985 808 Christianorum
1005 763 1087 806 vero
1112 742 1320 806 monumentis

80 853 123 939 (dp
149 874 289 938 quorum
317 853 352 918 in
373 855 559 940 antiquitate
581 854 793 920 ecclesiastica
816 877 876 918 insu
897 865 973 938 post
994 855 1201 918 Muenterum
1224 877 1318 937 prae·

80 964 153 1028 clare
172 987 279 1048 nuper
303 966 478 1049 disputavit
500 967 685 1045 Gesenius,)
708 969 842 1050 paucula
865 969 1019 1050 quaedam
1041 966 1069 1030 si
1090 966 1322 1049 excipiashiuc

80 1077 139 1140 inde
165 1099 303 1162 sparsa,
332 1079 394 1142 fuit
423 1079 660 1157 abstinendum,
695 1101 734 1144 ne
766 1080 899 1143 licenter
919 1074 1058 1174 instituti
1079 1078 1142 1144 mei
1162 1081 1241 1146 fines
1265 1081 1340 1152 mi·,

80 1211 209 1274 grarem.
233 1223 279 1236 -
324 1192 364 1256 ln
385 1199 567 1276 temporum
596 1193 721 1258 ratione
752 1195 912 1269 notanda,
945 1190 1064 1276 ubique
1094 1203 1222 1277 secutus
1252 1214 1321 1256 sum

81 1304 183 1368 Festos
208 1305 532 1370 Almeloveenianos.
1304 1387 1307 1392 1

153 1418 329 1500 Superest,
359 1429 395 1480 ut
416 1421 454 1482 de
476 1417 623 1504 legibus,
656 1441 736 1502 quas
758 1419 790 1482 iu
812 1420 938 1484 edendis
967 1418 1232 1502 inscriptionibus
1253 1417 1322 1501 ipse

83 1528 147 1592 mihi
172 1531 311 1615 scripsi,
343 1530 454 1614 paucis
484 1551 656 1614 exponam.
691 1532 751 1620 'Io
780 1531 819 1596 iis
841 1555 880 1596 ne
902 1553 964 1596 rina
986 1531 1113 1616 quidem
1135 1531 1262 1596 literula
1284 1535 1322 1594 de

17 1647 21 1656 '
83 1641 276 1718 coniecutra,
313 1643 375 1708 etsi
397 1645 492 1726 saepe
514 1643 711 1719 certissima,
743 1654 793 1711 est
820 1641 998 1710 immutata.
1042 1645 1083 1708 Id
1104 1656 1224 1711 tantum
1247 1644 1324 1708 mihi

83 1754 192 1818 arbitrii
221 1755 365 1839 sumpsi,
389 1766 433 1820 'ut
460 1777 542 1838 quae
563 1755 597 1833 in
619 1755 876 1822 adnotationibus
898 1756 1085 1840 praesertim
1109 1756 1262 1824 Gudianis
1285 1758 1325 1820 ad

85 1867 249 1932 Gruterum
272 1881 437 1952 tamquam
458 1845 596 1951 lapidum
618 1865 766 1958 ipsorum
787 1870 965 1934 afferuntur
987 1869 1155 1946 lectiones,
1179 1891 1237 1932 sua
1253 1865 1324 1950 plc-

88 2001 208 2065 mmque
234 1981 397 2046 evidentia
419 2001 487 2044 sese
510 1983 777 2057 commendantes,
800 1981 996 2064 postliminio
1017 1981 1208 2064 reciperem,
1232 1982 1324 2046 item·
1411 2063 1416 2073 ι
1511 1984 1515 2001 “

84 2113 136 2174 que
162 2115 204 2158 ex
233 2093 308 2158 aliis
339 2093 476 2158 aliorum
505 2093 591 2176 typis
620 2093 873 2158 accuratioribus
904 2093 1077 2178 corruptos
1107 2099 1321 2160 emendarem.

85 2205 163 2268 llaec
190 2227 275 2272 vero
306 2207 411 2285 ratio,
442 2204 622 2270 necessario
651 2204 721 2268 sere
751 2207 904 2282 terenda,
934 2205 989 2268 ubi
1018 2201 1187 2297 ἀρχετύπῳ
1217 2229 1324 2270 scirtius

86 2318 224 2396 destituti,
248 2341 313 2396 cur
335 2329 389 2383 aut
412 2318 541 2384 omnino
563 2319 827 2402 reprehendenda
849 2317 904 2394 sit,
931 2329 985 2382 aut
1008 2319 1047 2380 ab
1070 2318 1178 2402 aliquo
1200 2317 1324 2402 impro-

87 2431 146 2494 bari
170 2431 337 2515 potuerit,
373 2431 518 2517 equidem
547 2451 683 2512 prorsus
712 2452 777 2496 nou
805 2429 972 2516 intelligo:
1006 2431 1089 2496 idem
1117 2431 1199 2494 cuim
1223 2430 1326 2496 critici

87 2563 181 2608 omues
203 2545 308 2610 licere
338 2544 418 2620 sibi,
452 2543 558 2608 immo-
573 2542 624 2606 sui
646 2541 744 2608 officii
764 2542 928 2627 inprimis
951 2565 1020 2609 esse
1042 2565 1168 2628 semper
1191 2564 1323 2606 censue-

87 2667 166 2733 runt,
199 2669 234 2722 ut
269 2656 407 2722 diversis
436 2678 454 2720 e
483 2655 649 2721 codicibus
677 2645 777 2738 ipsiu's
806 2655 975 2738 scriptoris
1003 2678 1131 2720 manum
1156 2656 1325 2741 restiutere

89 2783 291 2846 conarentur3
313 2769 392 2832 illud
406 2771 627 2834 tautummodo
642 2767 887 2850 inscriptionum
902 2789 1032 2853 quoque
1047 2768 1186 2832 editores
1198 2778 1328 2832 servent

89 2901 205 2946 necesse
228 2894 299 2957 cst,
333 2893 369 2943 ut
391 2880 576 2963 scriptionis
598 2879 784 2973 varietatem
807 2880 959 2964 religiose
981 2881 1085 2946 ubivis
1109 2891 1259 2955 enotent,
1289 2901 1328 2942 ac
1411 2942 1416 2954 ,

90 2993 264 3073 posteritati
282 2992 392 3058 iudicii
412 2992 538 3058 terenti
552 3003 745 3076 potestatem
760 2992 959 3076 permittant.
1004 2993 1231 3075 Supplementa
1247 3013 1327 3055 vero

92 3106 238 3172 ruusime
262 3105 450 3190 fragmentis
472 3115 545 3168 stant
574 3105 690 3168 inserta
702 3148 711 3181 ,
742 3125 843 3189 eaque
873 3103 975 3168 literis
1004 3103 1182 3191 minoribus
1210 3125 1327 3167 excissa
1417 3182 1420 3193 Δ

93 3229 118 3278 et
128 3221 212 3284 uncis
226 3221 362 3301 insuper
377 3239 396 3282 a
409 3217 547 3300 lapidum
560 3215 639 3300 ipsis
651 3215 792 3301 reliquiis
805 3217 993 3300 plerumque
1008 3217 1144 3280 seclusa.
1167 3215 1329 3282 Paucissi-

94 3330 141 3394 mis
159 3329 324 3415 exceptis,
338 3329 479 3424 (quibus
500 3317 626 3412 semper
646 3341 711 3394 cet.
734 3327 951 3412 subscriptum
978 3333 1046 3408 cst)
1077 3350 1185 3394 omnes
1215 3327 1329 3392 inseri·
1350 3415 1353 3420 r

94 3442 205 3522 minues
218 3446 373 3528 'integras
395 3444 484 3520 dedi,
514 3441 574 3508 etsi
595 3441 713 3510 influe
735 3440 779 3506 nil
800 3442 860 3506 uisi
889 3440 1038 3518 nomina,
1069 3443 1120 3504 vel
1149 3439 1328 3506 notissimas

95 3543 235 3622 formidas
259 3557 457 3640 sepulcrales
479 3556 701 3621 continerent:
723 3552 796 3638 ipse
816 3553 899 3618 enim
921 3552 1014 3616 nimis
1037 3575 1132 3636 saepe
1153 3553 1329 3618 molestiam
1420 3628 1425 3637 Ι

95 3664 165 3732 idam
185 3681 337 3753 expertus
357 3691 462 3746 eram,
487 3689 550 3753 qua
569 3667 739 3744 afficimur,
764 3667 820 3730 ubi
834 3669 996 3732 decurtata
1010 3665 1176 3749 inscriptio
1193 3669 1351 3730 offertum

96 3778 283 3860 timentibus,
310 3804 350 3846 ne
380 3779 542 3868 gravioris
565 3778 684 3865 aliquid
705 3779 856 3844 momenti
878 3777 973 3843 nobis
995 3779 1189 3844 subtraxerit
1210 3779 1328 3844 editor.

97 3875 216 3959 Versus·
230 3893 474 3976 inscriptionum
498 3893 585 3956 linea
602 3904 787 3956 transversa
810 3913 920 3956 omnes
941 3881 1025 3955 inter
1043 3913 1077 3956 se
1095 3891 1329 3968 discriminavi3

97 4001 133 4066 ita
151 4019 184 4070 ut
204 4027 362 4093 quemque
384 4005 509 4069 titulum
531 4003 682 4070 facillima
703 4025 803 4086 opera
831 4001 997 4088 pristinam
1016 4002 1049 4067 in
1071 4003 1210 4068 formam
1226 4007 1330 4068 denuo

99 4118 234 4203 redigere
257 4139 368 4205 queas.
412 4120 525 4182 Locos
548 4137 719 4192 saxorum,
743 4115 924 4200 ubicunque
946 4128 1083 4198 propter
1102 4115 1246 4198 priorum
1266 4117 1332 4180 cdi-

99 4237 192 4294 torum
214 4231 397 4297 socordiam
420 4251 483 4317 ego
506 4231 591 4294 haud
618 4229 821 4314 ignorarem,
854 4239 1003 4291 accurate
1034 4228 1204 4304 adnotavi,
1240 4229 1334 4292 sicuti

99 4351 125 4401 tt
147 4343 264 4423 libros,
295 4347 377 4409 undo
406 4345 654 4428 rtnrrmquodque
684 4344 882 4424 desumptum
920 4353 981 4416 est.
1040 4343 1217 4418 Natarum,
1254 4362 1334 4426 quas

99 4451 244 4535 barbaro,
281 4459 337 4523 sed
364 4455 483 4520 usitato
513 4455 693 4519 iamdudum
717 4455 746 4518 io
770 4476 807 4516 re
830 4452 1038 4538 epigrapbica
1061 4455 1223 4518 rocalmlo
1244 4453 1336 4536 sigla

101 4566 145 4627 vcl
164 4569 268 4654 siglas
293 4569 473 4652 appellant,
497 4565 796 4648 interpretationem
813 4563 930 4650 ubique
946 4549 1149 4640 lereadieci',
1174 4588 1213 4646 uc
1232 4567 1346 4656 lector·

103 4677 191 4745 ninus
210 4685 273 4748 hoc
295 4683 325 4746 in
350 4691 651 4768 genere‘vorsatus,
675 4681 728 4742 vel
749 4680 890 4744 incertus
911 4665 1071 4756 haereret,
1095 4678 1146 4740 vel
1168 4681 1207 4740 ad
1227 4695 1335 4739 carum

104 4793 299 4873 coniectores,
309 4793 473 4860 Colelium
489 4805 520 4858 et
531 4793 740 4864 Gerrardmm
758 4791 860 4856 nuruis
877 4791 1005 4876 generis
1023 4789 1189 4854 erroribus
1197 4789 1337 4855 refertos

139 4904 214 4948 taum
230 4909 333 4962 lincriptt.
345 4905 410 4948 Latiu-
446 4953 452 4966 ⁸
705 4923 709 4934 ·
738 4918 741 4926 ¹
1065 4903 1084 4964 2
