3264 5414
529 458 929 530 rnnnrar1o
1314 438 1383 533 rr

110 643 233 718 poterat
253 655 357 722 aequo
379 636 523 702 censori:
536 621 604 700 *sed
626 636 744 719 duplex
757 648 923 718 praeterea
937 638 1102 703 eonsilium
1118 638 1221 706 animo
1238 641 1357 704 obver-

111 749 237 812 sabatur
268 771 359 816 meo:
397 748 423 814 si
453 749 579 835 quidem
606 748 707 835 ipsam
737 771 866 836 quoque
894 750 1088 834 disciplinam
1119 751 1355 837 epigrapbicanr
1419 834 1422 840 ¹

111 861 305 946 aliquatenus
327 861 496 939 adiuvare,
532 861 713 945 librumque
737 883 838 926 meum
860 863 994 945 propria
1014 865 1148 948 quadam
1171 867 1246 928 dote
1268 887 1356 929 eom-

111 977 260 1040 mcndarr
280 975 431 1040 studiosis
452 985 576 1039 mature
597 965 815 1039 decreveram.
858 975 1003 1040 Primum
1024 975 1126 1060 igitur
1142 977 1355 1062 elargissimo

110 1108 189 1170 pean
204 1089 499 1174 Hagenbuehiano‚
524 1109 732 1174 quaeeunque
747 1090 913 1152 commode
928 1100 1061 1171 possent
1075 1088 1195 1165 afferri,
1218 1087 1249 1152 in
1265 1109 1355 1153 usum

112 1199 309 1265 enrditornrn
331 1213 421 1264 erant
443 1191 677 1283 depromenda3
708 1219 810 1286 neque
832 1201 960 1265 silentio
987 1203 1159 1284 premenda
1189 1185 1354 1278 ducebam,

110 1333 185 1396 qtrae
207 1313 294 1378 inter
315 1324 379 1376 tarn
402 1313 581 1378 diuturnum
604 1313 760 1390 laborem,
784 1309 996 1400 gratissimum
1019 1313 1146 1399 quidem
1168 1313 1269 1390 illum,
1294 1314 1357 1397 ipsi

109 1425 177 1490 anibi
195 1421 362 1490 uenissent
376 1426 406 1490 in
422 1437 557 1490 mentem
573 1425 846 1509 interpretationis
862 1438 893 1492 et
908 1427 1159 1491 emendationum
1175 1428 1355 1490 tentamina.

109 1537 216 1624 Neque
241 1559 324 1603 vero
346 1539 502 1604 minimam
532 1539 664 1604 huiusne
693 1559 789 1603 curae
816 1538 980 1603 utilitatem
1012 1561 1079 1603 eam
1106 1559 1175 1604 esse
1196 1553 1354 1622 reputem,

111 1653 189 1734 quod
219 1653 303 1715 duce
327 1652 515 1738 plerumque
536 1651 793 1737 Hagenbuebio,
827 1651 937 1716 titulos
962 1671 980 1714 a
1001 1651 1135 1716 diversis
1157 1651 1356 1736 repetitionis

108 1763 169 1827 iere
185 1763 313 1849 ignaris
338 1763 499 1830 exhibitos
522 1765 680 1851 varioque
703 1767 801 1830 modo
826 1764 877 1828 vel
894 1765 994 1828 lectos
1010 1765 1062 1828 vel
1078 1764 1256 1847 explicatos
1272 1765 1356 1832 inter

108 1895 138 1938 se
156 1877 298 1943 eontulit
337 1898 399 1962 qua
422 1875 548 1962 quidem
572 1877 737 1963 diligentia
766 1877 806 1955 ii,
844 1877 960 1961 quibus
989 1899 1119 1961 magnas
1149 1878 1355 1942 collectiones

109 1989 285 2054 excutiendi
312 1989 462 2054 voluntas
491 1989 571 2067 erit,
603 1992 689 2054 haud
719 1990 784 2054 levi
815 2009 910 2075 saepe
943 1989 1085 2054 molestia
1117 1990 1350 2054 liberabuntur.

109 2101 213 2188 Neque
249 2112 356 2167 tamen
389 2103 423 2166 id
463 2103 524 2166 mei
562 2101 656 2170 officii
672 2097 778 2178 duxi,
813 2113 848 2164 nt
876 2074 1006 2186 singulis
1022 2101 1067 2167 ¹in
1097 2101 1196 2166 titulis
1230 2101 1347 2178 omnia,

111 2212 158 2276 ubi
182 2213 280 2279 iidem
310 2214 549 2297 reperirentur,
579 2215 700 2299 scripta
721 2213 903 2278 indicarem.
955 2215 1060 2276 Nemo
1089 2213 1189 2298 igitur
1210 2215 1348 2276 exsultet

111 2335 195 2412 atque
217 2327 416 2410 triumphet,
438 2327 493 2391 ubi
514 2329 629 2392 librum
651 2325 853 2413 investigarit
873 2345 955 2390 ame
970 2324 1173 2408 praeteritum
1188 2325 1241 2388 vel
1255 2325 1350 2407 plane

110 2436 305 2521 ignoratum
338 2439 445 2523 potins
475 2461 551 2517 eos,
582 2439 697 2525 quibus
727 2439 840 2504 Turiei
867 2438 913 2502 uti
934 2436 1010 2502 mihi
1032 2459 1219 2502 eoncessum
1239 2437 1352 2514 suerit,

111 2571 146 2612 ex
163 2551 266 2616 indice
288 2555 443 2618 desumat.

186 2657 335 2732 Alteram
360 2679 439 2730 vero
461 2667 665 2752 praeeipuam
689 2689 803 2756 curauu⁸
819 2668 852 2732 in
870 2666 948 2732 illud
966 2687 1095 2752 quoque
1116 2665 1355 2748 impendendam

113 2778 229 2856 merito,
257 2792 291 2843 ut
314 2781 443 2863 opinor,
467 2793 554 2846 ratus
577 2804 658 2859 surm,
687 2793 722 2846 ut
744 2803 863 2846 novum
882 2778 1010 2866 aliquod
1025 2779 1275 2861 supplementum
1291 2799 1357 2839 rna·

113 2911 239 2974 gnarum
261 2912 408 2974 pararem
431 2893 675 2974 collectionum
701 2915 804 2979 neque
826 2913 908 2958 vero
929 2891 1020 2956 aliter
1034 2891 1067 2954 id
1081 2891 1214 2976 exsequi
1226 2889 1354 2982 licebat,

114 3001 164 3066 nisi
175 3003 322 3070 studiose
336 3009 546 3092 undecunque
562 3005 766 3091 conquisitis,
790 3005 846 3090 qui
864 3015 940 3087 post
954 3001 1117 3070 Donatum
1133 3006 1257 3066 demum
1279 3000 1356 3064 editi
1449 3077 1456 3092 .

114 3129 228 3195 essent,
263 3115 440 3199 lapidibus;
474 3118 505 3180 in
528 3119 643 3203 quibus
665 3115 931 3190 transcribendis,
965 3116 1137 3178 dummodo
1159 3114 1244 3178 baud
1265 3113 1357 3176 nimis

114 3226 214 3313 trigeri
231 3249 269 3292 ae
284 3227 386 3292 tenuis
401 3231 586 3294 viderentur
600 3229 763 3305 momenti,
779 3227 955 3314 largiorem
971 3227 1134 3312 aliquanto
1147 3247 1195 3289 me
1208 3225 1354 3308 praebui,

113 3361 196 3422 quam
219 3341 253 3404 in
276 3341 326 3418 iis,
350 3341 405 3425 qui
426 3341 604 3407 iamdudum
621 3353 725 3408 essent
743 3339 914 3426 pervagati
934 3351 965 3403 et
984 3339 1015 3402 in
1032 3339 1200 3404 thesauros
1220 3335 1356 3410 eonditi3

113 3447 198 3536 idque
220 3454 396 3537 praecipue
418 3455 534 3519 dictum
556 3467 625 3520 esto
648 3457 687 3518 de
710 3452 924 3529 Gruterianis,
948 3455 1080 3516 duarum
1098 3449 1161 3516 iam
1185 3449 1357 3514 editionum

115 3582 169 3644 ope
189 3567 330 3630 omniurn
353 3567 487 3630 maxime
509 3568 707 3653 pervulgatis
729 3589 766 3630 ac
789 3587 848 3650 per
869 3575 1002 3628 crrnctos
1023 3563 1092 3626 sere
1107 3557 1358 3648 antiquariorum

114 3672 205 3742 libros
226 3678 371 3755 laudatis,
396 3680 567 3762 excerptis,
591 3679 725 3744 recusis.
770 3669 824 3742 Ex
844 3676 977 3742 Grntcri
994 3676 1095 3761 igitur
1113 3676 1264 3739 thesauro
1281 3682 1359 3756 per-

116 3788 216 3865 multa,
237 3813 318 3874 quae
332 3813 391 3873 per
409 3813 442 3854 se
461 3794 547 3856 haud
565 3791 694 3858 omnino
712 3791 928 3874 displicerent,
946 3789 1204 3872 consulto-atque
1222 3786 1359 3851 scienter

117 3901 320 3978 praetermisi,
345 3925 410 3988 quo
424 3904 530 3968 locum
550 3925 711 3969 servarem
730 3923 841 3967 reeens
866 3903 1008 3978 effossis,
1037 3900 1096 3966 etsi
1110 3899 1242 3990 subinde
1258 3896 1358 3961 minus

115 4007 242 4078 tersitae
266 4015 381 4099 dignis,
406 4036 485 4100 quae
504 4016 571 4080 aliis
591 4016 789 4082 Gruterianis
807 4015 1059 4098 praeferrentur.
1105 4013 1169 4075 Sed
1185 4011 1217 4074 id
1235 4009 1358 4093 peritos
1426 4007 1430 4034 ¹

116 4118 226 4190 iudices
241 4126 326 4190 haud
341 4147 439 4212 aegre
455 4127 576 4193 laturos
590 4129 663 4192 iore
679 4129 818 4206 conlido,
835 4127 890 4192 ubi
905 4125 1090 4210 eogitarint,
1110 4144 1204 4209 quam
1219 4121 1357 4197 difficile,
1439 4157 1443 4166 ·

117 4253 265 4321 quamquo
292 4236 458 4300 molestum
487 4237 528 4301 ait
556 4237 726 4323 philologo
756 4239 787 4303 in
818 4238 920 4304 omnis
943 4239 1068 4325 generis
1091 4234 1356 4319 ephemeridibus,

120 4341 292 4424 itinerariis,
317 4350 479 4432 opusculis
501 4351 685 4435 antiquariis
699 4351 935 4440 pervestigare,
960 4371 1042 4436 quae
1057 4371 1143 4412 suam
1161 4346 1358 4429 disciplinam

117 4473 221 4525 terere
256 4459 384 4536 iurent,
425 4482 528 4547 neque
556 4462 678 4526 inanem
711 4465 944 4529 tantummodo
963 4461 1179 4526 curiositatem
1214 4451 1367 4542 pascant.'

119 4565 221 4658 ltaque
243 4572 439 4658 aliquatenus
471 4585 557 4637 certe
584 4574 750 4657 provisum
781 4575 859 4653 erit,
891 4587 927 4638 ut
954 4573 1107 4659 quidquid
1135 4573 1204 4637 sere
1233 4573 1297 4634 hoc
1327 4570 1359 4632 in

121 4699 227 4762 genere
247 4696 326 4770 post
347 4705 460 4749 annum
482 4685 608 4750 circiter
629 4687 904 4753 MDCCLXXV
925 4687 956 4752 in
979 4688 1082 4750 luteeru
1098 4683 1232 4759 venerit,
1261 4691 1358 4765 atque

120 4791 155 4856 td
172 4795 362 4882 antiqlritatis
383 4798 549 4862 Romanae
571 4799 733 4862 scientiam
761 4799 996 4884 percipiendam
1024 4819 1103 4861 vere
1132 4797 1295 4871 conferat,
1326 4793 1358 4856 in
