3264 5410
553 472 823 534 EPIGRAPIIICA
842 473 923 534 VIII.
1144 466 1155 496 ⁶
1304 479 1359 538 539

123 619 262 674 mersus,
286 619 417 678 quattuor
434 604 516 683 modo
539 611 661 680 priores,
683 605 756 678 quod
779 623 876 660 neuter
893 603 1072 681 putabamus,
1096 607 1193 662 ‘l'urlci
1213 625 1241 663 so
1261 606 1362 662 hahere

122 698 276 773 respondit.
311 698 393 770 Quod
413 699 579 772 significabls
597 705 732 773 pretium,
764 705 899 756 contiuuo
921 719 970 774 per
989 699 1099 755 eosdem
1118 701 1288 756 Pettaluzlos
1307 701 1363 754 lae-

125 809 170 848 tus
191 793 288 848 lubens
307 809 399 865 gestus
416 793 531 848 solvam.

200 888 265 958 Peg.
283 886 343 941 CX.
360 887 542 940 honorificam
557 885 710 953 lElCllll,
734 891 842 960 meique
862 885 953 942 fecisti
973 891 1158 953 mentionem,
1180 885 1213 940 de
1229 884 1363 962 diptycho

123 995 208 1052 agens
229 979 383 1048 consulari,
416 978 490 1052 quod
509 977 542 1033 ed
562 981 634 1034 hano
655 979 728 1035 diem
748 981 847 1036 viderit
867 968 963 1048 demo,
991 997 1043 1034 neo
1062 979 1144 1034 lando
1161 979 1270 1051 quidem
1287 979 1365 1034 nudi·

122 1078 209 1126 verit:
240 1077 269 1126 ln
288 1091 342 1145 quo
362 1074 507 1127 consulare
528 1077 628 1146 cupitis
647 1091 841 1130 ornamentum
859 1079 1048 1148 conspiciatur
1067 1073 1135 1128 adeo
1154 1073 1306 1146 singulare,
1331 1091 1362 1130 ut

124 1171 184 1220 eius
202 1165 294 1220 simile
306 1182 442 1238 nusquam
455 1165 522 1220 elihi
542 1165 690 1240 prodierit:
711 1173 789 1222 cuiue
809 1183 900 1222 autern
916 1166 1037 1221 consulis
1053 1172 1106 1233 sit,
1126 1172 1217 1242 priore
1235 1166 1363 1240 diptychi
1466 1157 1468 1163 ¹

122 1275 202 1334 purte
223 1257 365 1333 deperdita
383 1264 514 1336 ignorari.
550 1259 679 1328 Falleris,
704 1265 743 1314 mi
765 1261 888 1316 SCIPIO
907 1259 1108 1327 eruditissime,
1136 1265 1269 1315 memoria
1289 1259 1366 1315 lulle-
1436 1290 1442 1300 ·

125 1358 181 1418 ries
199 1369 264 1408 nem
280 1355 419 1410 Anastasii
439 1367 464 1407 a.
479 1352 546 1409 Chr.
564 1356 629 1412 517.
650 1353 772 1408 consulis
791 1369 868 1422 esse,
892 1357 1078 1408 certissImum
1099 1356 1169 1410 milri
1192 1371 1234 1408 est
1250 1373 1284 1409 ex
1299 1354 1367 1408 duo-

124 1445 178 1504 bus
200 1445 322 1502 eiusdem
342 1449 480 1502 suessent
503 1443 642 1520 diptychis
663 1451 792 1524 Integris,
818 1452 847 1500 ln
867 1445 966 1520 quihus
985 1447 1083 1502 consul
1103 1451 1156 1502 iste
1173 1446 1271 1502 eodem
1291 1451 1367 1522 espl-

126 1545 164 1599 tis
189 1555 350 1594 ornamento
372 1537 585 1614 conspiciendus
610 1538 691 1595 datus
716 1557 757 1595 est
779 1539 814 1593 eb
833 1541 1020 1600 wilthemio:
1053 1537 1082 1594 id
1105 1537 1178 1612 quod
1198 1541 1247 1594 TE
1265 1539 1367 1614 fugisse

125 1639 228 1702 miror,
246 1634 410 1693 Wiltltemii
432 1631 506 1686 libro
522 1631 626 1704 prIdem
640 1637 822 1702 instructum,
848 1639 926 1688 cuius
946 1639 1075 1707 peginam
1093 1641 1137 1690 22.
1154 1639 1182 1688 in
1196 1651 1278 1708 opere
1290 1635 1367 1690 'I'VO

125 1725 330 1802 perfectissimo
350 1725 383 1782 do
402 1726 632 1800 Amphitheatro,
669 1743 716 1781 seu
735 1729 866 1782 Veronae
884 1728 1050 1780 Illtssiratae
1078 1741 1153 1782 tomo
1172 1729 1218 1783 IV.
1240 1745 1301 1801 pag.
1321 1732 1367 1786 50.

125 1837 155 1876 et
176 1825 239 1881 ¹05.
260 1819 295 1874 nd
316 1835 407 1894 partes
427 1833 582 1876 vocaveras.
622 1821 714 1892 Quum
739 1818 773 1872 de
796 1820 935 1894 Diptyebo
957 1823 1068 1875 nestun
1095 1821 1368 1876 eonsulie'Brlriano

124 1919 360 1968 commentorium
382 1912 548 1980 scriberem,
571 1913 611 1966 th.
627 1915 704 1968 XIV.
729 1929 789 1986 pag.
813 1915 880 1968 XX.
908 1893 1030 1986 repetere
1055 1912 1136 1966 debui
1159 1913 1369 1972 Wilthemieno

125 2025 173 2062 me
191 2007 263 2061 libro
286 2004 393 2062 osterse
431 2024 486 2078 quo
507 2005 580 2060 hund
608 2005 695 2060 multo
724 2023 784 2080 post
814 2006 919 2060 editum
944 2005 1074 2060 volumen
1094 2007 1367 2076 QVllilNlANVM,
1480 2015 1484 2026 '

125 2105 195 2175 qniu
211 2099 247 2155 ob
263 2099 292 2154 id
311 2105 401 2174 ipsum
422 2099 544 2168 editum,
563 2098 597 2153 uh
616 2105 786 2156 amicissimo
809 2099 1065 2154 SCHOEPFLINO
1087 2115 1146 2152 sum
1164 2097 1291 2154 donatus.

202 2194 245 2250 sd
269 2195 526 2248 Eminentissimum
548 2193 735 2264 QVlRlNVM
755 2209 817 2266 pag.
842 2193 981 2247 CCXLll.
1008 2210 1066 2246 non
1091 2191 1175 2246 modo
1194 2196 1247 2246 tritt
1267 2192 1369 2249 diversi

125 2293 233 2362 generis
250 2291 400 2340 certamina
418 2291 447 2340 in
463 2285 564 2340 tubulis
581 2285 775 2360 diptychorum
786 2283 936 2340 Areobindi
948 2286 1052 2354 telbns,
1073 2285 1243 2341 Gesnetiene
1260 2303 1287 2341 et
1300 2289 1370 2341 llot-

126 2385 297 2454 tiugeriene,
315 2397 365 2434 seu
383 2378 487 2434 duobus
504 2379 717 2440 Turirensibust
743 2397 771 2434 et
794 2385 874 2434 tertia
893 2395 942 2434 seu
960 2381 1137 2445 Divionensi,
1162 2385 1279 2454 spectari
1300 2385 1372 2434 seri-

125 2480 188 2548 psi,
207 2471 254 2528 sed
273 2473 377 2527 ibidem
396 2471 504 2526 addidi:
524 2471 630 2544 „Quod
650 2477 673 2527 si
693 2475 826 2546 Diptychi
842 2473 1019 2527 Divionensis
1034 2471 1156 2526 tabulam
1170 2472 1293 2526 dextram
1312 2471 1369 2528 Iors

125 2566 238 2621 fortune
255 2567 383 2634 offerret,
407 2581 438 2621 ut
451 2569 692 2640 llottInqerianam
709 2565 827 2634 obtulit,
852 2582 978 2637 quartum
994 2564 1131 2638 quoddam
1148 2571 1308 2622 certsmitris
1324 2585 1372 2640 pe·

125 2679 179 2716 nus
196 2659 378 2717 videremus.¹'
417 2661 446 2716 Sl
465 2665 521 2714 lam
540 2672 606 2714 tuno
626 2661 786 2718 Wlltlremii
808 2660 929 2714 libernd
956 2678 1051 2714 manus
1070 2657 1183 2728 fuisset,
1212 2659 1373 2734 superaddi.

126 2753 231 2809 diesem
250 2759 347 2814 etiem:
380 2756 413 2808 ln
441 2752 579 2828 diptychis
605 2757 743 2808 Anastasii
768 2752 891 2822 duobus,
926 2772 974 2809 seu
997 2753 1097 2808 tabulis
1124 2773 1220 2808 eorum
1240 2771 1371 2826 quattuor

126 2847 219 2902 adhuc
239 2846 372 2922 proditis,
400 2845 504 2902 duabus
525 2845 722 2900 Leodieusibus
744 2863 771 2901 et
794 2845 897 2900 duabus
918 2847 1154 2913 bituricensibus,
1179 2865 1309 2920 quattuor
1328 2846 1371 2902 di·

127 2959 267 2996 versorum
295 2939 424 2994 ludorum
446 2955 545 3014 genere
573 2944 708 3013 conspici.
746 2940 853 3010 Quibus
874 2945 1001 3010 quintum
1022 2939 1131 2993 tandem
1148 2947 1265 2996 accessit
1284 2947 1313 2994 in
1330 2958 1372 2995 te·

125 3033 192 3092 bula
210 3035 296 3090 altera
314 3035 439 3108 diptychi
459 3035 633 3088 Anastasiani
651 3037 742 3100 tertii,
780 3038 857 3088 cuius
879 3031 999 3086 tabulam
1021 3038 1141 3105 priorem
1162 3051 1209 3088 seu
1229 3033 1371 3088 dexteram

126 3134 152 3184 si
175 3128 231 3182 iore
252 3125 362 3182 fortune
388 3127 624 3184 intransitio
649 3127 775 3194 offerret,
819 3142 850 3180 ut
876 3126 1001 3199 diptycltl
1024 3125 1222 3182 Areobindiaui
1250 3127 1370 3182 tabulam

126 3222 367 3296 Hostingeriennm
387 3221 457 3275 mibi
475 3220 593 3285 obtulit,
617 3236 724 3274 sextum
740 3218 877 3293 quoddam
893 3220 1021 3274 ludorum
1038 3225 1121 3292 genus
1142 3219 1306 3276 videremus.

201 3315 242 3370 De
265 3315 338 3370 libro
356 3332 420 3368 meo
436 3313 677 3393 vaitinisno,
701 3331 782 3385 quem
799 3330 863 3366 cum
881 3313 1011 3387 epistolio
1031 3313 1066 3366 ud
1082 3315 1130 3368 TE
1148 3313 1281 3370 Kalendis
1292 3316 1373 3370 Mar-

127 3412 176 3472 tiis
196 3409 406 3464 innccxhlx.
424 3413 556 3474 missum,
588 3408 656 3461 licet
680 3425 713 3460 ex
737 3425 770 3460 eo
790 3423 914 3478 tempore
940 3407 1011 3460 nibil
1037 3425 1148 3480 prorsus
1173 3409 1315 3462 literarum
1335 3407 1371 3466 sd

127 3519 174 3558 me
190 3499 314 3570 dederis,
342 3517 418 3556 recte
435 3502 483 3555 TE
504 3518 584 3574 spero
605 3505 761 3574 accepisse,
787 3499 852 3572 quid
871 3501 963 3568 lel,
984 3501 1118 3554 Italorum
1137 3500 1310 3572 doctissime,
1331 3505 1371 3556 vi·

127 3593 241 3663 deutur,
260 3587 289 3650 th
308 3599 406 3669 primis
426 3610 495 3668 quoe
513 3595 594 3648 obelo
612 3599 768 3661 notaveris,
792 3599 875 3648 nimis
895 3598 978 3668 cupio
994 3599 1075 3651 seire.
1113 3594 1233 3664 Eadem,
1252 3612 1368 3668 quaeso,

127 3704 230 3762 opero,
267 3705 322 3761 quo
350 3688 413 3743 loco
438 3705 523 3761 quum
552 3704 640 3742 meent
666 3693 695 3742 ln
717 3690 847 3761 epistolio
867 3705 921 3761 quo
941 3688 997 3742 disi
1018 3688 1180 3743 brevissime
1201 3696 1371 3763 expositam,

127 3797 188 3836 tum
207 3782 365 3836 liIllMAllI
384 3787 414 3836 iu
429 3783 493 3837 Em.
509 3781 654 3852 QVIRINI
673 3780 707 3834 ad
726 3781 1030 3838 LAGOMARSINVM
1047 3782 1163 3856 epistole
1181 3785 1250 3838 mibi
1269 3784 1371 3838 lectam

125 3874 185 3930 loci
203 3873 335 3948 Dionis
352 3879 519 3930 ornatissimi
535 3875 771 3940 emendationem,
791 3874 911 3945 hebens,
934 3895 977 3930 me
997 3875 1093 3932 edoce.

202 3985 255 4040 Per
271 3987 356 4052 mihi,
386 4005 451 4060 per,
480 3993 606 4060 iuquam,
636 3987 703 4041 milti
732 3987 830 4040 acerba
854 3987 1032 4052 ecciderunt,
1063 4003 1132 4060 queo
1158 3989 1235 4041 Mus.
1264 3989 1370 4044 Veron.

125 4095 191 4154 pag.
213 4078 400 4134 CCXXXIII.
427 4080 481 4134 ool.
505 4097 530 4134 a.
554 4081 601 4134 lin.
623 4079 676 4134 col.
698 4080 727 4136 b.
748 4086 810 4134 init.
831 4083 1034 4136 stomachosius
1062 4087 1181 4156 scripta,
1212 4097 1255 4152 et,
1286 4099 1317 4137 ut
1337 4079 1372 4136 ah

126 4171 283 4228 ementibus
302 4175 380 4226 iretis
399 4173 484 4242 solet,
511 4179 542 4228 in
559 4179 648 4228 mains
668 4189 748 4228 aucta
768 4174 889 4229 edidisti.

201 4281 285 4340 Osld.
305 4301 342 4336 eo·
361 4283 450 4338 Ponto
468 4293 503 4344 2:
522 4291 554 4342 2:
574 4292 620 4347 25t

312 4377 371 4430 sed
383 4379 448 4432 licet
465 4397 547 4431 armo
554 4377 660 4451 feras,
686 4387 714 4432 et
731 4375 849 4454 vte'lneret
867 4397 954 4433 saevo
973 4385 1087 4433 mineris
1093 4401 1103 4442 ,·

380 4473 457 4525 'Non
472 4481 567 4525 temeto
584 4471 712 4546 efficies,
740 4491 796 4526 non
813 4482 844 4525 tot
864 4493 956 4526 ornere
979 4473 1055 4529 milti.

125 4565 223 4639 Neque
247 4579 361 4640 possum
390 4565 502 4619 ‘I'Ecum
525 4574 655 4640 conqueri
682 4567 715 4621 de
744 4573 796 4620 ista
826 4566 969 4621 uerborum
1001 4569 1159 4622 'I'VORVM
1187 4568 1371 4637 contumelia,

106 4659 274 4735 ,postquam
294 4659 398 4726 literis,
427 4657 526 4728 credo,
551 4665 621 4715 meis
640 4659 728 4734 pridie
750 4661 823 4716 Non.
843 4662 902 4716 lon.
925 4647 1007 4720 1‘7l9.
1025 4661 1058 4714 ad
1075 4663 1123 4716 ΤΕ
1144 4668 1236 4716 missis
1259 4661 1292 4714 ad
1309 4679 1371 4715 eam

127 4757 216 4808 enimi
240 4757 405 4826 aequitatem
427 4770 456 4806 ee
483 4753 623 4827 delapsus,
658 4771 687 4807 ut
705 4769 765 4826 pop.
787 4755 1038 4810 CCCCLXXXVI.
1057 4761 1086 4810 in
1102 4755 1286 4810 Emendandis
1303 4757 1371 4809 haec

126 4863 258 4922 poneres:
290 4847 343 4918 ,is
362 4849 427 4908 259.
445 4863 470 4902 c.
491 4855 519 4908 1.
543 4852 572 4902 iu
592 4847 644 4902 line
661 4846 793 4916 indnpt'lis
811 4849 952 4902 Deorum:
985 4851 1080 4920 Quum
1099 4855 1150 4906 siri
1174 4847 1251 4904 docti
1267 4850 1373 4906 iudico·
