3466 5928
374 459 431 522 dei
514 472 525 506 ι
896 454 1098 516 EPISTOLA

447 587 531 647 Vides
558 595 660 666 lqitur,
689 593 739 646 vis
765 587 961 658 celeberrime,
989 606 1159 665 quantopere
1185 585 1220 644 de
1249 587 1345 646 indice
1372 591 1521 648 nuisereaii
1545 597 1605 648 citrt

372 685 566 758 Hagenbucbil
589 686 715 760 culpam,
738 689 788 739 tiri
810 702 826 737 e
847 701 914 740 sarta
934 690 1009 740 omni
1029 687 1215 740 ostentatione
1234 684 1416 752 alienissimi,
1435 683 1510 740 docti
1529 685 1606 739 homi-

371 795 421 834 nes
441 785 601 834 erraverint.
640 777 736 850 Quidi
761 779 851 850 qucl,
871 797 926 850 quo
945 795 1027 833 sensu
1046 778 1126 852 vulgo
1143 776 1255 846 dicunt,
1274 779 1495 852 inscriptionum
1515 777 1605 834 iudices

371 871 584 947 (praeterquam
610 872 645 926 ad
670 863 829 928 ileineiinin
858 874 1080 945 cognominum,
1112 887 1170 926 turn
1197 875 1256 925 eiue
1283 873 1374 945 Caput
1399 871 1512 946 XXV.)
1538 871 1606 946 plene

372 965 465 1020 nullos
490 971 673 1041 conscripsit,
704 965 846 1020 litererum
871 981 954 1039 atque
980 964 1178 1020 elementorum
1203 964 1300 1020 ordine
1320 962 1452 1037 digestos.
1492 963 1543 1021 Sed
1559 971 1606 1040 pri·

369 1065 490 1114 mer'lum
517 1065 576 1115 eius
602 1078 671 1134 optss
698 1059 732 1114 ad
752 1062 902 1117 Gruterum
930 1065 1068 1136 pertinet,
1098 1075 1193 1132 estque
1220 1063 1286 1132 ipse.
1303 1057 1368 1126 ilie,
1398 1057 1448 1114 sed
1470 1075 1607 1128 correctns,

370 1158 632 1227 seriequeflntextis
652 1171 735 1226 quum
754 1158 884 1228 propriis,
904 1155 963 1208 titm
982 1153 1099 1208 eliorum
1118 1151 1357 1211 observationibus
1372 1168 1406 1208 ac
1421 1151 1605 1227 supplementis

369 1247 554 1321 locupletatus
574 1263 602 1304 et
622 1263 720 1302 anctus
738 1247 871 1320 scaligeri
892 1245 988 1316 iudex,
1013 1245 1110 1302 ordine
1128 1264 1186 1300 nou
1203 1245 1366 1314 literarum,
1391 1245 1441 1302 sed
1461 1251 1607 1321 inscriptio·

368 1359 451 1409 utstn,
483 1347 522 1396 ita
545 1339 579 1394 ad
606 1356 699 1396 earum
719 1357 855 1414 quamque
880 1339 1014 1394 coiteerus
1039 1355 1067 1396 et
1086 1355 1263 1408 contractus,
1293 1354 1324 1394 nt
1352 1337 1401 1394 nbi
1423 1355 1453 1396 et
1481 1338 1604 1414 qnomdo

369 1433 495 1506 Scaliger
516 1435 624 1509 slnpuia
642 1441 774 1507 cuiusque
793 1433 873 1488 verbu
892 1433 1028 1503 laudarit,
1059 1433 1141 1488 oculo
1167 1430 1251 1488 simui
1277 1431 1439 1488 obversetur
1465 1449 1493 1488 et
1517 1447 1603 1508 pateat.

368 1527 421 1584 Gul
455 1527 543 1584 lubori
575 1543 707 1600 quantum
738 1532 775 1582 alt
807 1525 1002 1608 tribuendqm,
1034 1527 1123 1596 Tute,
1158 1525 1331 1582 nobilissime
1364 1526 1510 1600 segniori,
1537 1543 1602 1598 quem

369 1627 503 1688 omnium,
520 1625 636 1674 minime
661 1619 747 1696 fugit,
775 1627 900 1696 perpetui
921 1626 1009 1676 instar
1032 1625 1226 1676 commentarii
1248 1637 1305 1674 cese
1325 1617 1451 1689 indices,
1480 1619 1604 1692 intelligit,

369 1729 399 1770 ut
419 1715 467 1768 Te*
480 1713 578 1768 melius
600 1714 669 1769 nitet
688 1732 785 1769 nemo:
812 1730 946 1788 quantum
966 1714 1094 1769 tribuerit
1114 1719 1190 1790 ipse,
1209 1713 1314 1768 iurabit
1332 1711 1453 1769 lortssee
1473 1717 1537 1788 ipsit
1555 1715 1602 1764 Viri

369 1805 526 1862 doctitsimi
545 1807 636 1862 terbie
656 1824 833 1884 cognoscere.
873 1809 962 1882 igitur
981 1807 1016 1862 ad
1034 1813 1154 1862 amicum
1173 1805 1308 1882 quendam
1327 1825 1420 1876 suum,
1446 1825 1527 1881 quem
1544 1821 1604 1858 sme-

367 1899 416 1956 bst
437 1906 465 1955 in
487 1906 599 1976 peucis,
618 1902 759 1970 scribens,
781 1901 977 1981 ,nerduinum
996 1907 1102 1976 inquit,
1121 1907 1151 1956 in
1170 1907 1227 1957 suis
1247 1899 1281 1954 ad
1301 1903 1426 1958 Plinium
1447 1905 1520 1956 uotis
1537 1901 1567 1954 Τ.
1579 1906 1600 1956 ι.

368 1993 421 2050 Ed.
442 1995 531 2050 Basti.
551 2015 579 2070 p.
600 1998 663 2056 145.
683 2014 712 2050 ι.
732 2003 777 2058 28.
803 1994 837 2049 ad
856 1995 938 2050 verbo
958 1992 1058 2050 Plinii:
1089 1996 1309 2048 [reconventum
1329 1995 1521 2062 Clteniesssem,
1546 1994 1601 2046 ittet

297 2143 301 2152 ,
368 2090 486 2164 psttcule
513 2103 609 2145 notat:
641 2089 764 2161 ,imin
792 2089 912 2145 Mortales
943 2087 992 2144 iol.
1017 2097 1061 2149 70.
1098 2091 1151 2144 Ex
1179 2088 1389 2144 CLVNIENSI.
1427 2086 1600 2158 subintellige,

367 2188 536 2240 corruentem·
576 2183 646 2238 Amo
674 2183 748 2238 hanc
773 2183 909 2238 lietduini
937 2182 1217 2239 obteruntiunculam.
1259 2182 1314 2238 Sed
1338 2199 1450 2257 praeter
1471 2181 1600 2244 Moralem,

367 2281 415 2350 qui
435 2277 505 2332 mibi
524 2274 559 2331 sd
578 2293 676 2332 manus
696 2295 754 2331 uon
772 2293 830 2346 cst,
856 2276 967 2332 mollem
989 2277 1140 2332 Gruterum
1159 2281 1283 2333 citastet.
1323 2279 1388 2348 Quo
1408 2281 1494 2332 enim
1504 2277 1598 2334 Gruteti

365 2369 430 2426 loeo
458 2371 512 2425 hoc
537 2387 632 2425 serunt
657 2387 761 2440 exstet,
793 2391 826 2425 ex
852 2370 992 2426 indicibus
1021 2371 1156 2446 scaligeri
1179 2369 1281 2426 lrustra
1312 2371 1504 2446 investigabis.
1543 2367 1598 2424 Silet

364 2469 442 2520 enim
469 2461 553 2518 index
581 2463 711 2539 Scaligeri
742 2474 786 2524 10.
831 2464 921 2521 liniet
950 2481 1015 2520 tero
1043 2465 1196 2534 Gruterus,
1231 2482 1285 2520 nec
1311 2463 1407 2520 semel.
1453 2465 1514 2520 Niei
1542 2477 1596 2536 opes

365 2575 474 2625 meum,
504 2555 577 2632 quod
608 2559 666 2614 iili
694 2558 866 2613 voluminum
895 2577 930 2614 ex
959 2559 1091 2632 Scaligeri
1119 2559 1277 2627 indicibut,
1309 2573 1377 2614 auro
1407 2573 1506 2614 eontra
1530 2559 1596 2618 eatis,

287 2695 291 2708 ,
366 2648 472 2706 iudicio
499 2667 557 2704 non
586 2656 709 2720 minure,
741 2667 823 2724 quam
850 2651 1008 2708 eruditione
1035 2651 1206 2727 amplissime
1233 2657 1444 2726 rectissimeque
1472 2648 1596 2714 conlectis,

364 2741 435 2838 durq
454 2739 685 2817 fastidiorumqtte
703 2762 786 2801 omne
807 2763 893 2820 genua
912 2746 1075 2832 plenissimo
1093 2746 1189 2802 laboro
1211 2748 1281 2802 mibi
1299 2752 1412 2832 peresi,
1441 2764 1476 2802 ec
1494 2759 1560 2800 nunc
1573 2755 1594 2793 et

364 2841 395 2892 ιι
413 2824 554 2911 posterum
572 2839 643 2893 mibi
664 2837 843 2909 iucundiore,
863 2857 917 2913 quo
936 2839 1061 2914 pluribus
1081 2839 1218 2896 devoratis
1238 2838 1335 2896 mediis
1355 2839 1469 2896 taudem
1486 2849 1593 2915 p'erscm

365 2928 401 2985 ad
429 2929 649 3005 umbilicumque
678 2931 825 3007 perductus
855 2950 871 2986 ι
896 2951 941 2988 sne
967 2949 1009 2989 eet
1036 2940 1129 2990 omnis
1154 2935 1201 2988 ille
1227 2935 1315 2990 labor.
1353 2935 1435 3010 Opus
1462 2931 1528 2990 illud
1551 2931 1593 2984 nili

363 3026 434 3080 mibi
454 3029 589 3100 operiret,
619 3032 727 3100 quoties
748 3032 777 3084 in
798 3028 930 3102 Sculigcrl
950 3027 1089 3084 indicibus
1114 3033 1172 3084 sexi
1195 3030 1294 3098 buius,
1320 3028 1476 3102 quibusque
1494 3032 1522 3082 iu
1538 3023 1593 3078 locis

309 3118 315 3132 ⁸
363 3117 491 3184 indicum
509 3118 697 3194 singulorum,
727 3127 834 3177 mentio
853 3123 945 3190 lieret,
968 3121 1108 3196 quomodo
1128 3123 1366 3182 Excivtiiiitis
1386 3125 1525 3199 acceperit
1543 3117 1594 3177 801-

275 3262 280 3277 ,
363 3211 450 3287 liger,
471 3226 556 3286 aeque
576 3220 727 3283 nescirem,
745 3232 779 3270 ac
797 3214 955 3272 lietduinus
975 3223 1120 3272 nesciuit?

440 3301 639 3362 sed-lorusrir
659 3313 745 3364 ctiam
765 3310 918 3385 exemplum
938 3327 1038 3386 operte
1057 3315 1192 3384 requiris,
1222 3309 1295 3364 dabo
1312 3315 1399 3384 igitur
1418 3325 1448 3365 ct
1466 3307 1532 3362 boc:
1553 3315 1593 3356 nti

361 3401 436 3454 enlm
459 3399 501 3454 tel
521 3399 679 3476 Sepuierlus
704 3402 787 3458 celari
816 3405 968 3478 quidquam
994 3403 1092 3471 debet,
1124 3421 1177 3460 uec
1201 3405 1316 3460 verebor
1341 3423 1376 3458 ne
1403 3405 1524 3458 ectunlni
1544 3397 1592 3452 Tuo

361 3490 494 3566 diffidisac
520 3493 624 3552 videar.
664 3495 808 3552 Evolrcuti
834 3503 920 3572 igitur
944 3517 1030 3572 opus,
1059 3489 1089 3552 ut
1109 3497 1213 3552 icrebtt
1232 3497 1358 3564 fortuna,
1385 3497 1469 3551 oilert
1490 3511 1517 3548 ec
1537 3488 1591 3542 mibi

360 3587 475 3644 Gruteri
502 3605 529 3662 p.
550 3588 636 3646 GXV.
661 3589 751 3648 inser.
772 3597 800 3650 7.
838 3593 927 3646 quta
943 3590 1062 3666 fontem
1082 3592 1212 3662 Tisnnvi,
1238 3609 1295 3646 nost
1313 3592 1397 3662 longe
1416 3590 1453 3648 ab
1472 3583 1590 3660 Aquileia.

510 3695 578 3756 ἰε.
596 3702 632 3756 s.
651 3700 682 3756 s.
702 3703 899 3772 J,lutosam

546 3795 569 3864 ι
591 3795 764 3866 sttutnt

508 3864 656 3944 viduet.
680 3889 812 3961 ,esem

462 4058 465 4063 .
587 3983 648 4038 ur.
669 3983 762 4039 τιτι.
784 3983 859 4042 tvm

584 4073 756 4147 novrum

512 4168 615 4224 ινιιι
771 4167 774 4174 ·

584 4261 813 4322 strutontct

788 4361 821 4413 v.
843 4357 873 4414 S.

827 4453 950 4510 Gntteto
971 4453 1128 4511 Venderius.

449 4569 458 4584 ·
503 4541 521 4576 *
540 4541 612 4598 Sis.
630 4543 711 4600 Iuvit.
731 4547 823 4620 Rapit.
861 4547 992 4604 SACrttm
1011 4553 1090 4607 Reiu.

502 4618 702 4752 tspppsgpr
733 4626 821 4678 tortu
854 4625 994 4698 repictus.
1036 4625 1089 4682 seu
1117 4624 1242 4700 serug«
1274 4640 1336 4680 rere
1367 4623 1488 4678 contem
1517 4607 1588 4670 Pio·

499 4770 565 4836 ιι.
585 4767 690 4834 nevi,
713 4773 732 4829 9

497 4843 651 4912 †Ai'GG.
670 4844 740 4899 bene
761 4846 834 4904 idem
855 4847 988 4923 Scaliger.
1028 4851 1101 4908 Gr.
