3264 5414
167 445 297 554 ,'m
677 439 1080 530 nunnnnnru

250 659 339 702 suam
383 639 535 722 quodque
573 633 715 700 'classem
752 634 888 698 relatum
930 649 1044 718 magna
1080 649 1150 696 cnm
1182 629 1334 696 facilitate
1369 627 1507 694 inueniri

252 761 360 834 queat.
1070 804 1073 812 ,
1428 761 1429 767 ’

334 859 436 928 Curius
456 860 582 948 quidem
606 859 734 945 generis
756 851 789 923 iu
808 860 975 924 thesauros
991 861 1131 924 nondum
1146 856 1302 922 illatarum
1318 838 1504 938 inscriptio·

250 997 326 1039 num
350 976 490 1058 quintam
511 975 613 1039 ferme
634 985 757 1056 partem
779 993 867 1036 meae
885 969 1085 1036 collectionis
1104 970 1177 1035 iore
1195 970 1363 1052 ¹sponde03
1386 971 1504 1053 quade

248 1109 285 1150 re
305 1086 405 1152 cuiuis
424 1061 600 1164 constabit',
635 1087 692 1150 ubi
720 1087 775 1150 vel
795 1086 929 1150 indicem
951 1085 1109 1150 librorum
1130 1081 1350 1166 post.Douati
1371 1082 1505 1164 supple·

248 1210 389 1264 ruentum
410 1219 601 1266 excusorum
632 1211 664 1264 et
692 1220 710 1264 a
737 1213 788 1262 rue
818 1205 1046 1280 excerptorum
1076 1195 1232 1279 inspicere
1257 1196 1405 1279 dignatus
1428 1193 1502 1258 erit.

250 1312 359 1376 Multa
381 1311 507 1396 quidem
530 1311 681 1389 Millino,
705 1303 880 1397 sed‘longe
902 1309 1039 1395 plurima
1060 1311 1163 1374 debeo
1186 1308 1351 1384 Marinio,
1375 1307 1450 1372 viro
1470 1305 1503 1370 in

248 1424 297 1490 bis
313 1424 425 1488 studiis
440 1423 673 1500 versutissimo,
693 1435 727 1488 ct
745 1423 970 1510 Hagenbuchii
985 1419 1133 1499 aemulo,
1153 1421 1225 1486 ideo
1241 1421 1334 1486 etiam
1349 1418 1500 1498 feliciori,

247 1539 337 1622 quod
359 1537 388 1601 ei
410 1537 530 1619 lapides
551 1537 641 1620 ipsos
659 1537 761 1602 oculis
779 1557 947 1619 usurpare,
971 1515 1197 1620 ingentemque
1217 1551 1378 1598 numerum
1399 1554 1503 1616 nuper

144 1672 146 1678 ·
185 1669 187 1674 ’
249 1651 373 1714 demtum
395 1662 561 1716 erutorum
582 1649 688 1734 primo
710 1649 835 1733 publici
856 1648 935 1714 iuris
958 1645 1218 1731 facerellicuit.v

336 1763 411 1843 Quo
426 1785 507 1826 vero
522 1783 585 1846 pro
599 1763 734 1828 instituti
748 1762 810 1826 mei
825 1783 943 1826 summa
958 1759 1072 1844 populi
1083 1758 1222 1825 Romani
1234 1758 1342 1838 vitam,
1357 1759 1406 1839 (V
1407 1778 1502 1844 arros

247 1873 343 1939 triano
361 1876 520 1940 vocabulo
536 1877 624 1956 tator)
641 1898 734 1961 quam
749 1875 885 1940 maxime
901 1873 971 1938 lieri
985 1885 1106 1956 posset,
1122 1871 1368 1956 inscriptionum
1378 1870 1502 1936 auxilio

245 1986 461 2063 illustrarem,
484 1990 569 2052 banc
582 1987 668 2052 viam
684 1987 761 2054 mibi
775 1987 1016 2073 ingrediendam
1032 1999 1122 2052 ratus
1137 2007 1225 2062 sirm,
1249 1995 1285 2048 ut
1298 1983 1389 2050 initio
1406 1993 1502 2064 capto

245 2097 285 2162 ab
309 2097 383 2182 ipso
405 2099 518 2183 populi
540 2100 678 2166 Romani
700 2100 865 2168 domicilio
888 2123 925 2164 ae
948 2102 1042 2178 sede,
1066 2101 1157 2166 Urbe
1181 2111 1329 2174 aeterna,
1353 2119 1413 2181 per
1436 2095 1502 2160 siu-

169 2263 173 2280 .
245 2211 336 2297 gulas
360 2211 426 2276 cius
447 2211 599 2298 regiones
619 2213 681 2278 iter
703 2215 792 2280 velut
812 2213 1030 2288 instituerem,
1056 2234 1093 2279 ac
1114 2210 1333 2278 memorabilia
1355 2225 1511 2296 anaeque‘

124 2357 127 2364 ·
247 2324 371 2417 lapidea
388 2338 592 2392 monumenta
606 2327 773 2411 seligerern
788 2329 990 2408 pereasdem
1004 2324 1056 2388 vel
1074 2324 1151 2388 olim
1166 2333 1307 2405 reperta,
1329 2322 1381 2385 rel
1397 2322 1500 2384 adbuc

246 2438 415 2502 exstantia.
459 2439 514 2503 Ex
543 2440 634 2503 Urbe
657 2438 733 2544 dein*
750 2457 946 2522 progressus
968 2435 1096 2515 ltaliam
1114 2458 1132 2499 a
1153 2433 1382 2516 septemtrione
1406 2432 1501 2496 meri·

246 2549 328 2612 diem
352 2571 465 2613 versus
488 2571 558 2612 cum
579 2547 692 2613 insulis
722 2550 787 2613 saris
816 2547 1006 2634 peragravi,
1041 2545 1084 2610 ita
1113 2557 1149 2610 ut
1177 2549 1216 2612 ad
1238 2567 1275 2612 ea
1296 2545 1498 2630 potissimum

244 2659 381 2725 animum
402 2665 614 2738 adverterem,
638 2681 720 2746 quae
740 2661 834 2726 situm
857 2672 952 2747 atque
968 2660 1094 2745 antiqua
1110 2659 1239 2726 nomina
1254 2657 1498 2742 municipiorum

244 2772 507 2859 coloniarumque
530 2777 703 2849 docerent,
729 2783 779 2850 et,
804 2795 886 2860 quae
904 2772 1125 2857 praetermissa
1149 2772 1302 2849 viderem,
1327 2784 1382 2838 arrt
1402 2772 1499 2858 igno·

205 2973 208 2978 Ι
242 2896 311 2949 rata
332 2907 350 2948 a
370 2883 546 2962 Cluverio,
572 2883 729 2963 Cellario,
753 2888 947 2962 Maonerto,
972 2885 1063 2951 nimis
1081 2885 1249 2952 fastidioso
1264 2886 1404 2968 lapidum
1421 2907 1500 2950 cou-

120 2997 142 3055 “.
242 3009 423 3082 temptore,
448 3019 485 3062 ac
507 2997 711 3077 Reicbardo,
742 2999 885 3098 studiose
907 2999 1113 3084 colligerem
1148 2997 1208 3064 etsi
1236 2983 1392 3081 plurima,
1417 3017 1498 3083 quae

241 3131 346 3195 aequo
370 3132 444 3175 sane
465 3109 535 3176 iure
556 3113 619 3178 buc
640 3111 822 3195 potuissent
842 3111 976 3188 referri,
1001 3133 1073 3176 meo
1090 3133 1130 3176 ex
1148 3111 1284 3176 consilio
1304 3113 1499 3176 reservanda

241 3234 332 3287 eraut
360 3223 458 3308 capiti
487 3227 527 3288 ad
553 3247 622 3290 rem
652 3225 872 3308 municipalem
895 3224 1064 3306 spectanti.
1110 3223 1175 3288 Sed
1193 3225 1225 3288 in
1244 3224 1377 3309 reliquis
1398 3223 1498 3290 Orbis

154 3371 164 3390 ι
239 3337 380 3400 Romani
404 3337 547 3420 partibus
573 3337 834 3424 provinciisque,
868 3336 1049 3419 Hispania,
1088 3337 1272 3414 Britannia,
1312 3336 1496 3411 Germania,

244 3449 368 3525 Gallia,
404 3449 537 3527 Raetia,
573 3450 716 3526 Norico,
752 3449 939 3525 Pannonia,
973 3449 1153 3526 Dalmatia,
1192 3449 1309 3524 Dacia,
1346 3445 1496 3524 Graecia,

242 3561 323 3624 Asia
346 3559 489 3637 minore,
514 3562 672 3647 Aegypto
694 3573 726 3626 et
748 3563 860 3628 Africa
882 3561 1057 3647 specimina
1078 3573 1198 3626 tantum
1221 3566 1324 3626 danda
1346 3561 1496 3638 iudicavi,

241 3672 324 3737 idem
338 3673 444 3737 tamen
458 3673 626 3739 consilinm
646 3688 786 3752 secutus,
810 3687 863 3752 ut,
886 3696 967 3761 quae
983 3675 1118 3740 maxime
1139 3686 1252 3741 notatu
1266 3675 1363 3760 digna
1378 3685 1495 3750 essent,

221 3786 295 3851 'vel
317 3787 504 3872 neglectas
527 3787 723 3873 geographis
747 3788 919 3874 deligerent
942 3799 1037 3875 atque
1061 3788 1257 3854 exhiberem.
1301 3789 1349 3852 At
1374 3783 1495 3870 patriae

242 3920 353 3964 aurore
383 3901 497 3964 ductus
526 3899 617 3964 aliam
645 3923 781 3984 prorsus
809 3901 967 3966 rationem
997 3899 1127 3966 adbibui
1154 3901 1185 3964 in
1208 3901 1293 3964 saxis
1317 3897 1497 3964 Helveticis

244 4011 483 4095 conquirendis,
502 4011 681 4096 periculum
696 4013 789 4078 simul
801 4015 958 4090 iactamus,
976 4035 1145 4099 quousque
1160 4013 1285 4078 iuvaret
1299 4011 1330 4076 in
1347 4011 1496 4078 Latinam

202 4183 207 4190 .
240 4143 369 4210 qnoque
382 4123 610 4210 epigrapbicen
624 4125 787 4191 introduci
802 4127 946 4192 ordinem
961 4127 1050 4191 illum
1069 4122 1335 4212 geographicum,
1354 4123 1421 4210 qui,
1438 4123 1497 4190 etsi

222 4231 398 4320 'exparte
421 4237 655 4304 contradicente
678 4238 825 4324 Koppio,
850 4239 882 4305 in
905 4241 1029 4304 Graeca
1052 4238 1166 4303 merito
1189 4236 1310 4320 placuit
1329 4235 1496 4306 Boeclrbio

240 4345 288 4412 V.
307 4347 360 4414 ct.
379 4349 511 4433 eiusque
526 4349 624 4416 sociis
634 4325 868 4418 eruditissimis.
893 4350 1103 4434 Experieutia
1115 4349 1214 4436 igitur
1227 4371 1276 4416 me
1288 4349 1410 4426 docuit,
1427 4345 1496 4412 lieri

239 4459 271 4524 id
286 4461 415 4546 quidem
431 4459 540 4544 posse,
564 4462 659 4529 immo
678 4461 759 4528 effici
778 4467 895 4530 debere
915 4486 934 4528 a
950 4463 1086 4549 singulis
1102 4463 1179 4528 viris
1196 4463 1300 4529 doctis
1316 4461 1451 4547 siugulis
1464 4461 1497 4524 in

238 4571 436 4658 provinciis,
473 4575 707 4654 vicinitatibus,
746 4577 877 4644 urbibus
900 4587 995 4662 atque
1018 4577 1165 4661 oppidis3
1198 4579 1253 4642 scd
1274 4579 1338 4640 hoc
1359 4573 1442 4640 idem
1464 4585 1500 4640 ut

234 4695 378 4750 'tentetur
395 4687 428 4752 in
451 4687 605 4754 universo
624 4689 795 4775 aliquando
815 4689 1057 4775 inscriptionum
1082 4689 1269 4757 Latinarum
1284 4709 1425 4772 corpore
1441 4690 1496 4751 ad·

239 4803 407 4876 ornando,
433 4800 550 4866 nemini
569 4802 714 4884 equidem
742 4814 855 4867 auctor
874 4823 942 4866 snm
967 4801 1108 4869 futurus.
1153 4803 1230 4868 Vidi
1252 4802 1336 4867 enim
1359 4801 1412 4868 bic
1432 4799 1498 4866 illic
