3466 5928
856 113 902 159 ,4

662 341 933 404 EPIGRAPIliCA
952 343 1007 402 IX.
1405 349 1461 412 ⁵⁵5

117 487 137 528 1
208 478 326 534 CAMP.
346 476 481 544 habebat,
509 477 659 533 Panriaiut
683 476 842 544 ineidieret,
870 493 933 530 eum
953 475 1154 550 Lampadium,
1182 475 1356 532 cumularem
1377 479 1461 534 Cam·
1492 530 1498 536 .

207 577 326 646 paniae,
355 571 465 626 nonde
485 569 637 644 Lampadio
656 570 777 626 Consule
798 575 867 624 texti
890 570 993 640 seculi,
1022 570 1070 632 aad
1089 570 1122 626 de
1143 572 1295 646 Lampadio
1314 569 1461 628 Praefecto
1501 580 1507 590 '
1609 567 1614 579 ¹

206 666 277 720 Vrbi
297 681 324 720 a.
344 667 411 720 Chr.
428 667 491 726 566.
511 668 604 738 potius
625 662 710 719 fnisse
731 669 987 738 interpretaturum.

283 759 378 834 Neque
397 761 537 813 eoniioers
556 758 715 826 nonlicet,
747 757 927 833 Lampadium
953 763 1044 831 quarti
1071 759 1175 828 seculi,
1207 765 1332 833 quamvit
1359 775 1461 812 eonsu-

205 851 298 910 latum
323 847 465 926 nunqnam
491 868 687 919 eoneeoutum,
720 870 806 906 unum
827 869 989 928 proavorum
1008 853 1151 926 Lampadii
1172 869 1196 908 a.
1218 854 1285 910 Chr.
1310 859 1373 914 530.
1392 869 1460 908 cau·

206 945 278 1001 sniis
296 945 392 1002 luisse.
420 949 551 1019 flauaque
571 946 852 1002 LAMPADIORVM
871 945 1005 1002 familiam
1028 964 1146 1000 veterem
1168 963 1196 1002 et
1216 940 1361 1002 inlustrem
1381 961 1460 1000 sexto

206 1037 304 1094 seculo
323 1043 450 1114 inprimis
471 1039 619 1110 claruiste,
652 1039 764 1094 tandem
783 1040 825 1096 vel
845 1057 878 1094 ea
899 1058 932 1094 eo
955 1045 1139 1110 coniecerim,
1170 1039 1244 1116 qttod
1266 1045 1296 1094 in
1316 1039 1458 1114 Diptpolto

207 1133 286 1188 Tvo
305 1133 521 1207 πληθυντικῶς
628 1129 633 1150 “

693 1225 974 1281 LAMPADIORVM

207 1318 331 1392 legatur,
354 1336 412 1372 nou
431 1315 537 1384 ἑνικῶς
554 1319 748 1375 tarteson.
788 1320 874 1374 Cuius
894 1319 1007 1392 pluralia
1028 1325 1152 1388 numeri,
1178 1307 1215 1375 in
1227 1319 1374 1396 Diptyrhls
1393 1336 1457 1376 sate

208 1408 315 1468 TVVM
335 1416 487 1480 invisitati,
507 1418 642 1468 rationem
662 1417 714 1468 etsi
733 1431 790 1468 non
809 1411 974 1468 facillimum
993 1419 1030 1468 sit
1050 1413 1193 1486 expedit-e,
1215 1415 1340 1468 audaeuii
1361 1430 1455 1468 uotam

208 1511 255 1560 rix
283 1505 461 1579 effugiturus,
494 1505 560 1579 quid
589 1487 662 1560 mihi
689 1507 721 1560 de
750 1507 805 1561 hoo
836 1525 950 1561 numero
984 1507 1125 1574 videatur,
1157 1507 1233 1562 brevi
1263 1524 1343 1574 ante,
1373 1526 1455 1580 quam

208 1599 319 1666 finiam,
347 1599 506 1669 QViRlNO
525 1614 659 1672 exponam
679 1617 758 1666 meo,
788 1615 835 1667 ut,
862 1604 886 1652 si
905 1604 996 1654 minus
1018 1606 1073 1654 veri
1099 1602 1202 1654 similia
1224 1600 1315 1654 dicere
1335 1600 1458 1670 videbor,

208 1697 328 1746 certiora
345 1711 378 1745 ex
394 1693 460 1760 TE,
478 1690 633 1746 cardinalis
651 1693 895 1760 Eminentissime,
914 1692 1039 1766 idemque
1061 1695 1234 1749 PATRONE
1253 1693 1457 1765 Eruditiaaime,

207 1801 391 1859 cognoscam,
411 1803 528 1857 seroque
549 1789 610 1858 ipso
629 1791 741 1858 cognito
760 1803 865 1839 errores
887 1791 992 1858 possint
1013 1785 1150 1860 deponere
1171 1805 1255 1843 meos.

282 1879 398 1934 Contuli
418 1879 493 1936 TVO
512 1879 601 1934 lorma
620 1884 778 1952 augustiore
806 1895 935 1952 expresso
961 1879 1060 1932 adeunt
1086 1885 1137 1934 viri
1164 1879 1218 1934 duo
1239 1885 1346 1934 minora
1365 1877 1454 1936 forma

206 1973 358 2045 exsculpti,
386 1971 421 2026 ad
445 1957 570 2026 dextram
595 1971 680 2040 alter,
713 1972 782 2026 alter
802 1971 836 2025 ad
856 1977 1009 2027 sinistram.
1047 1972 1148 2026 Tribus
1169 1975 1298 2039 histiris
1319 1990 1374 2027 tres
1393 1979 1458 2030 sub-

207 2081 273 2123 attnt
297 2064 394 2133 sellae,
426 2082 540 2138 quarum
565 2065 656 2128 media
681 2064 716 2118 ab
742 2066 909 2138 reliquarum
936 2065 1051 2119 duarum
1081 2063 1169 2118 forma
1198 2065 1328 2119 nonnihil
1354 2065 1456 2124 diiiert.

208 2163 253 2216 Διι
277 2163 454 2234 interpretari
480 2159 578 2213 licebit
603 2159 636 2214 de
656 2157 822 2232 Lampadiae
846 2157 968 2212 familiae
990 2164 1154 2213 munerariis
1176 2157 1284 2212 tributi
1318 2161 1360 2213 De
1377 2160 1457 2214 Lam-

210 2251 295 2330 padio
315 2253 446 2320 aemule,
477 2251 585 2308 Oreetit
611 2251 733 2325 collega,
765 2267 788 2308 a.
810 2252 878 2308 Chr.
896 2257 977 2320 550„
1003 2249 1101 2304 deinde
1122 2250 1154 2304 de
1175 2250 1330 2325 Lampadiis
1351 2251 1461 2309 duobus,

209 2347 288 2416 aliis,
313 2351 360 2420 qui
380 2344 476 2401 eodem
495 2361 567 2400 anno
586 2344 794 2418 magistratibus
814 2345 961 2402 consulatu
981 2345 1153 2413 minorihus,
1183 2343 1303 2398 iortasae
1330 2362 1457 2418 praetura

209 2441 296 2509 alter,
315 2439 384 2494 alter
402 2455 563 2512 quaestura,
581 2437 725 2512 fungentes
745 2435 870 2492 dederint
890 2439 979 2494 lodos‘.
1012 2440 1076 2494 Non
1096 2437 1180 2493 modo
1198 2444 1271 2493 enim
1292 2440 1458 2509 consulatui,

209 2533 361 2589 sedetiam
382 2532 501 2587 urbanae
522 2550 680 2608 praeturae,
701 2547 728 2586 et
748 2549 925 2606 quaesturae,
954 2531 1121 2586 edendorum
1143 2549 1211 2586 onus
1231 2531 1359 2586 ludorum
1380 2536 1459 2589 ineu-

208 2627 301 2684 buisse
320 2643 440 2682 constat.
478 2627 541 2683 vid.
561 2626 603 2682 tel
624 2627 819 2701 Symmachum
839 2627 916 2683 Libr.
936 2629 982 2680 lv.
1003 2633 1084 2700 epist.
1104 2629 1150 2686 59.
1172 2643 1198 2680 et
1218 2629 1264 2686 60.

214 2763 220 2778 .
281 2725 341 2796 An,
368 2725 415 2794 qui
442 2719 476 2774 ad
501 2720 624 2774 dextram
646 2719 788 2795 lampadii
814 2721 936 2772 consulis
958 2729 1100 2792 expressus
1119 2737 1178 2788 est,
1206 2717 1306 2786 irater,
1337 2719 1371 2784 ad
1389 2723 1479 2772 tini-¹

207 2830 293 2870 stram
313 2813 384 2869 lilius
403 2810 501 2878 luerim
529 2829 564 2866 an
584 2813 655 2866 iilius
676 2830 788 2884 uterque
808 2811 952 2888 Lampadii
974 2812 1112 2880 consulis,
1125 2818 1164 2865 ‘in
1185 2829 1263 2866 tanto
1282 2815 1456 2883 antiquitatis

208 2905 242 2984 tle
267 2905 373 2961 familia
400 2905 551 2980 Lampadia
578 2905 691 2960 silentio
716 2904 864 2960 decernere
889 2909 1071 2960 temerarium
1097 2921 1182 2959 esset:
1216 2910 1244 2959 in
1269 2911 1367 2978 primis
1392 2911 1456 2976 quia

207 3006 290 3078 periit
312 3001 398 3055 altera
415 3000 550 3074 Diptyehi
569 3001 632 3056 Tvt
651 2999 764 3054 tabella:
790 3015 859 3074 quae
878 3003 902 3052 si
930 3015 1085 3072 superesset
1113 2999 1209 3066 nobis,
1231 2997 1349 3052 fortasse
1373 2999 1457 3065 illins,

208 3080 290 3170 quam¹
309 3111 391 3149 curae
408 3095 505 3151 ‘rst
525 3109 552 3148 et
573 3111 672 3167 operae
691 3092 838 3163 debemus,
859 3091 954 3146 literas
976 3097 1079 3146 certius
1099 3097 1357 3167 interpretaremur,
1381 3095 1458 3166 geni-

208 3193 311 3263 tirique
342 3187 472 3263 pluralis,
504 3187 803 3258 LAMPamoitvM,
834 3193 971 3242 rationem
1006 3201 1034 3242 et
1063 3191 1195 3260 syntaxin
1223 3185 1323 3240 melius
1352 3203 1458 3262 eogno-

210 3299 362 3339 aceremus.

283 3379 376 3450 Quare
401 3375 516 3430 modum
542 3391 617 3430 nune
642 3371 717 3428 facio
742 3371 915 3440 hariolandi,
945 3389 971 3427 et
994 3371 1066 3446 quod
1092 3371 1174 3426 hodie
1194 3373 1367 3427 mihi·reetat
1388 3389 1458 3426 tern-

207 3476 299 3548 porit,
329 3469 473 3525 FLORAE
497 3470 659 3542 Qvtatxt,
690 3465 773 3542 digne
799 3467 870 3543 apud
897 3483 948 3522 not
980 3465 1116 3535 edendae,
1148 3467 1197 3520 TE
1223 3471 1262 3521 ita
1292 3467 1399 3522 volente
1428 3483 1456 3521 et
1535 3499 1538 3506 ι
1571 3495 1574 3500 ·

208 3563 336 3631 iubente,
356 3563 408 3633 do‘,
425 3564 506 3630 dico,
526 3561 633 3616 dedico.

280 3657 392 3726 VALE,
409 3651 638 3713 Eminenti'ssime
659 3653 851 3724 PttthEPs,
871 3669 898 3707 et
917 3655 986 3707 milri
1008 3651 1098 3708 intere
1117 3673 1209 3728 perge.

282 3751 382 3808 Turici
401 3753 592 3808 llelvetiorum
615 3748 649 3802 ad
668 3747 743 3804 diem
761 3735 841 3806 Wt't'.
861 3745 926 3806 Idus
946 3749 1047 3804 Maias.

615 3843 769 3900 MDCCLI.

676 3981 1003 4010 ——nn-——u-fla

808 4119 849 4178 X.

273 4243 319 4314 ¹li.
346 4238 389 4296 el.
415 4239 457 4294 lo.
479 4239 618 4316 Augustus
644 4235 803 4292 ERNESTI
828 4235 918 4290 Nonis
944 4237 1029 4290 Maiis
1056 4235 1139 4296 1750.
1174 4230 1207 4286 ad
1237 4203 1452 4306 Breirinperum.

207 4330 384 4408 (Respondet
403 4333 570 4406 Breitingeri
590 4331 723 4406 epistolae
750 4347 765 4383 a
785 4329 951 4383 Tittmanno
976 4327 1066 4382 editae
1092 4332 1139 4396 (in
1159 4329 1198 4380 D.
1218 4327 1370 4380 lirrlaiem'i
1388 4333 1455 4397 (sic)

205 4428 239 4484 L.
259 4430 291 4484 C.
310 4428 507 4484 Valckenaert‘t'
525 4426 605 4485 adl.
625 4427 665 4482 A.
684 4423 799 4477 Ernesti
818 4421 946 4494 epistolis
963 4422 1041 4496 Lips.
1063 4428 1145 4484 1812.
1164 4439 1225 4498 pag.
1247 4427 1305 4490 78.)

1149 4565 1159 4596 l

281 4625 414 4684 Nondum
437 4624 569 4716 legeram,
601 4643 693 4717 quum
719 4620 868 4698 epistolam
894 4636 969 4674 tuam
996 4625 1166 4694 acciperem,
1197 4637 1265 4694 qnae
1290 4617 1323 4672 de
1347 4621 1456 4693 lingen-

213 4719 310 4778 bachii
335 4719 457 4796 epistolis
482 4720 553 4804 dieta
578 4748 653 4812 „mr
671 4729 702 4780 in
722 4720 802 4775 Actis
823 4714 1021 4792 loeolaerianis.
1063 4713 1117 4770 Sed
1139 4714 1293 4768 admonitus
1313 4713 1456 4768 demuma
