3264 5410
545 509 817 571 nctcntrnren
837 511 921 570 xtn.
1097 469 1101 479 ’
1303 513 1358 574 sss
1452 587 1455 595 Α

113 649 314 700 concinnatum
343 649 507 718 antiquariis
536 635 663 699 omnibus
694 643 841 700 admodum
865 644 962 699 utilem
987 641 1046 699 inre
1072 641 1106 697 nd
1131 642 1240 700 eosdem
1260 647 1361 698 inscri-

111 743 221 812 ptiones
254 742 373 792 invicem
401 737 593 792 conferendos.
635 741 670 796 At
700 743 729 792 in
758 755 833 794 tants
862 738 1006 793 literarum
1035 737 1096 792 luce
1122 737 1259 792 vis'bnec
1277 735 1360 793 bodie

110 829 262 902 sufiiciunt.
310 831 428 899 Nonne,
461 845 489 886 te
523 831 635 900 iudice,
674 835 760 886 satius
784 829 886 899 leret,
924 835 1013 886 verint
1041 831 1176 886 lectiones
1206 832 1361 886 snnotsrel

110 930 210 979 sitisse
242 924 321 992 loca,
351 925 537 999 interpolate?
569 929 600 979 ln
625 941 670 980 ens
696 925 843 980 doctorum
868 929 990 979 virerum
1016 924 1231 994 illustrationes,
1259 941 1287 980 et
1314 943 1361 980 sx-

110 1019 297 1092 plicationesi
328 1018 415 1072 males
440 1017 587 1072 verborum
607 1034 653 1074 sut
680 1019 810 1093 siglsrum
830 1021 1091 1092 interpretationes?
1122 1033 1188 1074 nunt
1216 1019 1360 1074 mutilatus

111 1112 153 1166 vel
174 1115 298 1184 integrae
317 1113 393 1166 sinti
414 1129 482 1165 num
499 1116 616 1185 spuriae,
638 1131 702 1165 num
723 1111 897 1203 dubitentur
916 1115 1069 1184 genuinae?
1088 1130 1154 1166 num
1173 1117 1234 1186 quit
1253 1118 1361 1188 petico·
1394 1096 1397 1111 ⁸

110 1223 165 1279 pen
185 1209 351 1278 excerpserit
373 1203 406 1258 nd
428 1206 546 1259 alicuius
564 1211 686 1259 auctoris
709 1204 942 1260 illustrationem?
961 1204 1072 1259 numid
1094 1225 1178 1280 genus
1199 1207 1271 1261 aliti
1291 1207 1360 1280 qudo

110 1304 204 1352 emnia
230 1313 306 1352 nnnc
332 1314 400 1374 paro
428 1314 455 1353 et
481 1303 632 1372 partimin
654 1295 809 1374 edversario
828 1305 885 1353 itm
904 1298 991 1353 relsta
1011 1297 1108 1354 babeo.
1146 1299 1246 1356 Nonne
1268 1315 1294 1354 te
1313 1299 1360 1354 de·

112 1391 283 1458 iraudnrem,
315 1397 339 1446 si
365 1391 541 1446 doctissimas
565 1391 772 1447 lucubrationes
799 1408 860 1446 tuas
888 1397 918 1446 in
944 1397 1139 1470 inscriptiones
1165 1411 1180 1446 a
1202 1393 1360 1450 Murrentio

110 1487 152 1541 vel
173 1485 207 1539 sb
228 1485 290 1538 eliis
311 1486 431 1560 prolatas
452 1501 499 1538 sut
519 1503 576 1538 non
595 1483 765 1566 inclinarem,
790 1485 833 1540 rel
852 1503 963 1560 prorsus
986 1489 1160 1543 omitteremi
1190 1487 1256 1542 Uno
1277 1487 1360 1543 rerbo

110 1579 220 1646 dicam,
242 1581 311 1632 mibi
334 1584 363 1632 in
384 1583 478 1632 animo
497 1595 554 1646 est,
575 1593 753 1651 quaecunque
774 1595 789 1630 a
810 1577 902 1634 doctis
925 1585 990 1634 viris
1009 1583 1040 1634 in
1060 1597 1238 1654 quoscunque
1255 1581 1361 1656 lapides

111 1688 244 1726 annotata
264 1672 355 1740 luere,
381 1673 514 1726 lectorem
536 1689 664 1736 monem
691 1689 718 1727 et
738 1672 792 1726 slis
814 1679 926 1747 insuper
945 1672 1110 1747 adiungere,
1135 1689 1204 1748 quae
1223 1682 1361 1750 germines

111 1781 356 1822 monumentorum
377 1771 605 1839 interpretationi
625 1770 756 1819 inservire
774 1781 907 1839 possunt,
934 1783 961 1822 et
988 1784 1003 1819 a
1030 1765 1099 1822 false
1128 1785 1259 1826 euertere.
1297 1773 1362 1826 Dis·

112 1857 310 1914 secretionibus
338 1873 429 1913 nutem
453 1858 537 1913 nullis
561 1873 639 1925 uter,
669 1858 799 1912 brevibus
827 1859 916 1914 tolum
946 1861 1172 1916 annotationibus
1202 1877 1361 1936 contentus,
1410 1874 1415 1880 '

110 1973 170 2008 rem
187 1969 275 2008 eornm
297 1951 453 2027 expediams
485 1969 529 2018 et,
548 1951 677 2008 trilibris
697 1953 824 2026 plurimis
846 1951 935 2006 adhue
955 1971 1095 2024 cererem,
1124 1947 1255 2030 teinpus
1275 1963 1361 2012 inter·

112 2053 266 2115 misissem,
298 2047 468 2100 alienissima
491 2045 582 2101 studio
602 2063 782 2114 consecutus,
812 2053 956 2121 negotium
977 2045 1072 2103 forsan
1097 2065 1168 2104 esset
1189 2049 1359 2110 coniectum.

109 2143 197 2196 Porro
217 2159 301 2212 quum
320 2141 354 2192 ttb
376 2141 420 2194 his
439 2157 514 2193 nnnc
534 2145 587 2194 sim
608 2141 689 2215 plane
707 2141 777 2194 liber
797 2157 824 2195 et
844 2147 903 2195 etio
922 2139 1014 2208 fruar,
1033 2159 1084 2216 pro
1101 2143 1204 2196 uiribus
1224 2159 1311 2216 agam,
1330 2163 1361 2202 ut

110 2234 197 2288 indici
224 2251 288 2287 meo
314 2234 394 2288 linem
415 2239 571 2307 imponam:
603 2233 672 2288 latit
696 2233 731 2288 Ι).
754 2235 791 2288 0.
814 2236 874 2300 M.,
899 2235 930 2288 ut
950 2253 1080 2309 prospers
1099 2236 1255 2292 valetudine
1275 2235 1361 2310 srunr',

110 2343 181 2401 quae
207 2329 283 2382 milti·
307 2341 400 2382 tomen
426 2333 588 2400 saepissime
613 2328 763 2382 imbecille.
809 2327 887 2382 lland
913 2327 1042 2399 equidem
1066 2327 1203 2398 diffiteor,
1233 2336 1300 2402 quin
1323 2318 1360 2387 sit

110 2440 178 2495 opus
200 2428 353 2476 immensae
378 2421 478 2488 molis,
510 2420 761 2494 difficillimumque
786 2423 968 2494 praegrande
993 2425 1108 2476 volvere
1134 2441 1250 2478 soxrrm:
1283 2441 1310 2480 at
1336 2428 1360 2482 sl

110 2515 270 2570 terdinsid
297 2521 326 2568 in
353 2515 443 2570 lucem
469 2519 611 2582 emittam,
644 2513 711 2588 quid
737 2514 801 2570 inde
827 2515 939 2570 dstnnli
971 2517 1067 2572 ntilins
1087 2517 1212 2592 prolecto
1233 2523 1305 2588 erit,
1336 2520 1360 2574 sl

110 2610 279 2663 diiierstum
293 2623 334 2661 eet
355 2612 429 2676 cito,
451 2613 474 2661 si
497 2624 538 2662 ent
559 2607 639 2663 bene.
677 2609 760 2680 Quod
779 2609 1028 2664 laboriosissimum
1048 2627 1125 2681 erat,
1146 2629 1245 2688 nempe
1266 2627 1362 2667 aucto-

109 2721 172 2757 rnm
192 2707 319 2756 omniurn
337 2702 398 2755 loca
418 2707 573 2773 unicnique
587 2707 765 2777 inscriptioni
785 2703 966 2778 subiungere,
988 2709 1043 2758 iarn
1064 2705 1222 2762 confectum
1241 2723 1298 2763 est:
1328 2727 1361 2762 es

110 2801 163 2862 iis,
189 2810 258 2868 qnae
285 2797 407 2864 reslnnt,
433 2800 544 2850 temetsi
569 2797 756 2870 periculosum
775 2803 919 2870 negotium
945 2811 972 2852 st
997 2799 1072 2852 alenc
1098 2800 1226 2874 plenum,
1253 2805 1361 2877 experi-

108 2905 236 2944 mentum
254 2888 369 2952 ieeiarn;
401 2905 429 2943 et
449 2907 533 2960 quum
552 2889 585 2941 sd
605 2889 685 2942 finem
707 2905 765 2944 tote
787 2908 830 2943 res
856 2889 989 2965 perducta
1009 2897 1078 2960 erit,
1108 2892 1209 2950 librum
1235 2889 1360 2974 nostrum
1433 2887 1436 2897 ’

109 2990 233 3040 sir-orum
258 2983 404 3042 tinctorum
430 2983 552 3049 iudicio,
582 2997 630 3036 tuo
655 2989 815 3058 praesertim
838 2989 1014 3056 permittam
1047 2991 1070 3040 si
1093 2985 1227 3060 probant,
1255 2971 1362 3059 edetur,

109 3083 155 3132 sin
179 3090 273 3130 sutem
300 3077 420 3131 carbone
445 3077 597 3142 notabunt,
628 3093 761 3157 perpetuo
787 3075 971 3139 damnabitur.
1009 3079 1052 3132 Tu
1078 3085 1210 3149 interim,
1242 3085 1264 3136 ai
1293 3078 1359 3156 qnid

108 3185 189 3246 petes
209 3175 306 3244 (potet
326 3187 420 3236 entem
440 3187 522 3243 qnam
542 3175 697 3238 maxime),
726 3171 873 3225 constibns
895 3175 999 3225 nostris
1022 3171 1101 3240 fure,
1130 3191 1158 3228 et
1181 3191 1361 3249 quaeeunque

109 3276 220 3339 premes
249 3278 282 3318 ex
312 3263 475 3321 sdversariis
505 3269 560 3319 tuit
586 3262 699 3318 adrem
723 3280 848 3319 nostram
875 3264 1022 3333 facientis,
1053 3273 1077 3321 ei
1100 3285 1211 3322 mecum
1237 3287 1361 3325 commu-

109 3362 203 3427 nices,
223 3357 454 3413 iucundissimum
474 3364 543 3427 erit,
565 3359 725 3430 debitosque
745 3375 836 3432 gretes
858 3359 910 3412 tibi
929 3357 1056 3416 referem.
1138 3375 1142 3386 ·

186 3453 326 3518 Poeocltii¹
346 3457 541 3527 inscriptiones
571 3459 697 3525 antiquas
727 3469 799 3507 anno
824 3459 906 3512 1752.
937 3451 986 3510 fol.
1017 3442 1105 3509 editas
1130 3453 1253 3513 nondum
1278 3463 1359 3528 nosi;

108 3545 229 3612 curabo,
258 3561 289 3600 nt
314 3547 447 3600 habeant:
480 3546 591 3600 titulum
618 3547 786 3620 descriptum
812 3563 895 3619 rego,
924 3545 966 3601 vel
989 3548 1114 3603 Gesnero
1136 3565 1249 3619 nostro,
1277 3558 1360 3626 quenl

108 3639 181 3694 bene
207 3639 296 3694 calere
318 3641 421 3707 iubeo,
451 3639 559 3706 trndns,
593 3645 640 3713 qui
667 3657 777 3694 mecum
802 3641 1033 3697 communicabit.
1072 3643 1179 3698 Mirum
1204 3645 1277 3700 haud
1300 3663 1360 3702 esse

109 3733 163 3788 tibi
185 3733 284 3801 debet,
304 3736 464 3788 Cerrinium
484 3733 585 3787 librum
605 3733 678 3787 bunc
699 3735 732 3788 ad
754 3751 852 3788 mentre
873 3751 929 3788 nen
949 3737 1094 3804 habuisse,
1119 3744 1251 3811 qnoniam
1272 3741 1360 3797 multa

110 3825 194 3880 decta
213 3827 351 3880 solumina
373 3831 402 3882 in
423 3827 505 3882 italis
524 3825 612 3880 adbuc
631 3825 830 3883 desiderentur.
857 3830 1006 3883 Mtittsirii
1026 3829 1168 3885 Marmore
1190 3831 1361 3891 oxoniensis
1452 3872 1457 3882 -

51 3971 55 3986 ,
109 3937 254 3993 nunqnam
280 3919 403 3987 uideret,
441 3927 586 3996 antequem
613 3921 686 3994 Scip.
707 3921 838 3976 Mrffeius
864 3922 906 3977 illi
934 3923 1146 3982 commodasset:
1186 3927 1269 3982 Nunc
1297 3945 1361 3983 vero

109 4013 204 4074 ordini
235 4032 285 4068 sno
305 4008 486 4089 ¹praepositus
517 4021 601 4070 uitem
629 4015 730 4070 ilemee
759 4015 849 4088 degit,
882 4031 909 4070 et
932 3995 1017 4072 *libris
1043 4019 1169 4074 omnibns
1197 4017 1300 4077 riflntt:
1333 4037 1362 4079 nt
1421 4071 1428 4077 .

108 4126 222 4174 uereor,
260 4127 296 4162 ne
328 4109 364 4162 ob
397 4115 573 4181 negotiorum
603 4109 809 4164 multitudinem
847 4115 1060 4184 inscriptionum
1095 4114 1249 4183 volumine,
1278 4116 1360 4190 ,quod

110 4207 297 4289 promiserat,
318 4203 407 4256 adhuc
427 4219 519 4258 cerere
539 4219 680 4278 cogamur.
722 4204 754 4256 ln
773 4205 903 4276 lrrterr'pi.
924 4207 1013 4261 Arrio.
1034 4208 1118 4262 XIII.
1141 4225 1203 4283 pag.
1217 4213 1281 4277 62„
1303 4215 1362 4286 ipse

107 4297 178 4367 legit
198 4313 254 4348 non
275 4297 437 4350 Tritolii]
457 4311 487 4350 ut
508 4293 561 4350 tibi
577 4298 702 4362 videtur,
721 4294 768 4351 sed
785 4299 836 4351 dii
854 4299 990 4354 inediti
1010 4303 1030 4355 l.
1044 4320 1067 4355 e.
1086 4301 1136 4356 ET
1156 4303 1302 4371 niceni,
1321 4309 1360 4360 ita

107 4405 141 4442 nt
161 4389 270 4462 Sagaris
298 4387 381 4443 fuerit
401 4392 546 4444 Amiantbi
566 4393 634 4464 Aug.
655 4408 747 4444 sertus
766 4407 863 4459 verne,
887 4409 914 4446 et
934 4395 1040 4448 Arcarii
1062 4401 1219 4469 provinciae
1239 4399 1361 4454 Achaiae

107 4482 283 4556 vicarius.*),
316 4485 353 4538 rit
382 4499 457 4538 recte
486 4501 584 4538 contra
614 4503 676 4538 eunt
697 4502 811 4554 censer,
843 4489 993 4539 Ascanium
1012 4485 1098 4542 fuisse
1116 4490 1279 4558 Philoxeni,
1312 4494 1358 4549 rt.

106 4573 217 4634 Claudii
240 4578 365 4632 Caesaris
388 4583 476 4644 servi,
504 4583 636 4634 titurium
655 4581 815 4644 Arentintn,
844 4595 874 4632 nt
896 4585 951 4634 ism
978 4587 1007 4634 in
1027 4582 1117 4656 Epist,
1140 4585 1235 4658 Epigr.
1254 4573 1362 4655 dixisti,

105 4687 138 4725 et
172 4670 274 4722 melam
309 4675 567 4744 interpretationem
601 4672 682 4726 huius
718 4677 925 4746 inscriptionis,
959 4691 1029 4749 quas
1065 4677 1235 4752 Senligemm
1269 4685 1360 4750 torsit,

105 4761 285 4836 redarguisti.

111 4859 429 4876 m

180 4899 206 4958 'i'
218 4901 414 4960 inscriptionem,
434 4905 462 4950 ds
481 4917 527 4962 qna
545 4903 665 4961 loquitur,
686 4903 737 4950 ride
756 4907 780 4950 in
800 4905 883 4962 Capite
901 4903 932 4950 de
950 4907 1041 4953 serris.
1065 4905 1096 4953 is.
1117 4905 1194 4956 2⁸2¹:
