3264 5414
272 466 314 530 ll
693 459 1096 532 PRAEFATIO.

270 644 399 728 mortuo
422 631 615 705 Hauboldo,
643 617 845 712 impatienter
874 604 1092 712 exspectamus
1108 649 1141 692 a
1162 629 1336 716 Borghesii
1357 639 1389 694 et
1410 629 1533 714 Cape,

270 747 360 831 figuii
381 745 545 822 sollertia:
568 741 684 806 seriem
705 741 827 825 pariter
848 741 1096 807 Praefectorum'
1115 742 1200 816 ,tuni
1222 742 1368 808 intactam
1387 743 1521 829 reliqui.

270 895 311 907 ·-·
334 857 417 922 Cum
436 854 521 920 civili
541 867 645 920 autem
663 833 798 919 historia
815 853 927 918 intima
946 855 1078 938 quadam
1102 853 1330 922 necessitudine
1349 855 1524 920 coniuncta

269 981 337 1034 erat
364 967 525 1043 literaria,
556 967 646 1032 euius
662 967 827 1050 specimen
848 966 924 1030 satis
947 965 1102 1048 amplum,
1132 966 1324 1045 historicos,
1356 979 1532 1046 oratores„

268 1081 494 1166 philosophos,
509 1068 645 1163 poetas,
669 1079 782 1156 ICtos,
806 1081 1007 1156 rhetoreset
1030 1079 1252 1164 grammaticos
1273 1079 1306 1144 in
1323 1081 1409 1158 saxis
1432 1082 1522 1146 cele-

269 1197 383 1260 bratos
406 1193 619 1276 complectens
645 1191 830 1276 composui,
865 1191 927 1268 ita,
958 1203 992 1256 ut
1013 1192 1076 1256 hoc
1098 1191 1223 1276 quidem
1244 1193 1276 1256 iu
1298 1213 1417 1278 genere
1438 1193 1528 1274 nibil¹

171 1347 173 1352 -
267 1307 338 1372 fere
356 1307 564 1376 desideretur.
609 1304 733 1386 Quibus
749 1303 950 1388 pertractatis
968 1307 1206 1388 procedendum
1226 1317 1305 1384 erat,
1324 1305 1522 1389 opinomad
1623 1373 1625 1384 ,

175 1487 177 1490 ,
267 1406 441 1504 religiones
472 1439 588 1503 resque
615 1439 722 1485 sacras
751 1415 972 1490 illustrandas;
1002 1419 1090 1502 quod
1112 1417 1332 1502 gravissimum
1355 1424 1531 1502 caputita

268 1531 377 1608 divisi,
414 1542 449 1593 ut
476 1530 509 1594 in
537 1531 648 1613 priore
676 1542 766 1613 parte
795 1550 1011 1595 enumerarem
1039 1529 1143 1612 primo
1172 1507 1263 1596 Deos
1293 1534 1520 1598 Romanorum

265 1643 406 1729 patrios,
432 1655 525 1728 atque
549 1665 568 1706 a
584 1635 665 1708 Iove
685 1663 819 1708 exorsus
838 1663 903 1726 pet·⁴
916 1645 1035 1726 gradus
1053 1644 1092 1705 ad
1111 1643 1257 1725 Eponam
1277 1644 1531 1730 Mephitimcpre¹

267 1758 511 1831 descenderem,
535 1767 601 1819 tum
624 1777 704 1820 vcro
726 1755 886 1820 Italorum
908 1753 1111 1838 municipales
1132 1755 1234 1833 Deos,
1259 1769 1291 1820 et
1311 1758 1520 1842 peregrinos,

265 1870 298 1934 id
320 1881 368 1932 est
389 1868 549 1934 Asiaticos
573 1880 604 1932 et
626 1867 860 1952 Aegyptiacos,
885 1865 1040 1930 cumillis
1064 1869 1305 1947 consociarem,
1330 1872 1523 1955 tandemque

267 1981 442 2046 desinerem
472 1980 505 2044 in
537 1978 700 2056 Gallicis,
720 1979 925 2062 Hispaniam,
956 1979 1021 2044 eius
1046 1980 1182 2065 ‚generis
1212 1982 1279 2046 aliis
1301 1983 1524 2068 anquirendis.

267 2095 340 2175 Qua
363 2093 489 2178 quidem
519 2093 552 2156 in
581 2115 636 2172 re,
676 2093 735 2158 etsi
757 2105 879 2189 certum
902 2075 1057 2177 quendam
1080 2115 1121 2174 ac
1137 2093 1289 2196 sacillimq
1310 2094 1424 2178 cuique
1442 2117 1543 2179 per·¹

265 2206 447 2289 cipiendum
470 2205 613 2270 ordinem
635 2205 775 2284 servavi,
800 2209 905 2289 probe
924 2219 1029 2270 tamen
1053 2209 1134 2282 scio,
1158 2208 1242 2270 haud
1260 2208 1439 2284 defuturos,
1464 2208 1526 2292 qui

180 2328 186 2339 ¹
265 2341 337 2383 eum
358 2319 475 2384 acriter
496 2319 558 2382 sint
580 2319 828 2401 reprehensuri,
853 2315 1010 2402 tamquam
1030 2339 1133 2400 neque
1153 2321 1324 2382 obscurum
1343 2318 1435 2393 satis,
1459 2340 1525 2382 nec

265 2430 409 2513 ipsorum
442 2431 647 2514 opinionibus
676 2429 936 2504 convenientem
970 2449 1051 2514 quos
1073 2427 1219 2514 equidem
1240 2450 1300 2494 suo
1321 2428 1439 2512 iudicio¹
1453 2429 1543 2503 frui,

268 2564 370 2628 aequo
383 2542 487 2606 animo
502 2541 617 2625 patiar.
642 2541 823 2624 Simplicem
836 2553 938 2604 tamen
953 2539 1206 2624 perlectionem,
1227 2542 1278 2622 vel
1293 2541 1320 2609 si
1334 2543 1412 2606 haee
1426 2541 1525 2623 nianis

265 2653 364 2720 suerit
387 2653 549 2731 taediosa,
584 2653 720 2717 iudicum
743 2664 829 2716 certe
852 2653 991 2731 auxilio,
1023 2675 1104 2738 quae
1126 2652 1187 2717 sibi
1209 2676 1336 2739 quoque
1357 2653 1419 2718 sint
1440 2675 1541 2737 pett-¹

265 2767 397 2842 futura,
420 2767 538 2850 passim
554 2767 735 2849 reperient:
759 2763 1031 2851 meminerintque,
1056 2741 1189 2851 quiaeso,
1213 2767 1318 2830 locum
1332 2763 1385 2830 hic'
1398 2767 1522 2830 nullum

266 2881 377 2957 luisse,
405 2900 509 2963 neque
524 2899 626 2944 novae
641 2889 784 2942 veterum
800 2877 993 2962 religionum
1009 2877 1173 2942 doctrinae
1191 2881 1392 2956 condendae,
1413 2901 1525 2964 neque

265 2991 343 3074 ipsis
366 2990 555 3058 assentandi.
601 2991 763 3078 Simplicia
789 2994 953 3056 dumtaxat
973 3012 1033 3056 nos
1058 3001 1234 3066 sectamur,
1270 2991 1456 3057 testimoniis
1478 3003 1523 3068 ¹et

268 3105 463 3190 argumentis
487 3103 606 3169 idoneis
629 3103 747 3190 ubique
768 3103 905 3180 firmata,
928 3105 1015 3168 clara
1036 3117 1132 3190 atque
1147 3116 1253 3178 certa,
1277 3120 1358 3190 qnae
1372 3104 1422 3166 his
1439 3101 1528 3168 con-¹

265 3217 363 3282 traria
392 3229 480 3301 sunt,
519 3216 624 3282 stultis
657 3228 689 3280 et
709 3217 843 3282 incautis
872 3215 1045 3293 mirabilia,
1081 3216 1174 3281 nobis
1196 3239 1354 3302 nunquam
1379 3217 1451 3292 liet,
1483 3229 1541 3294 ut·

267 3329 432 3412 placeant3
464 3331 640 3414 eodemque
663 3331 787 3394 tandem
820 3351 950 3405 omncs,
980 3349 1098 3412 spero,
1128 3328 1321 3392 inclinabunt
1342 3326 1518 3412 philologi,

266 3442 322 3506 ubi
346 3441 478 3506 inanitas
501 3442 686 3526 sanitasque
713 3440 948 3520 doctrinarum,
981 3463 1060 3528 quae
1081 3463 1165 3506 nune
1185 3441 1406 3518 invaluerunt,
1441 3439 1520 3502 satis
1628 3467 1629 3476 ¹

268 3554 331 3618 erit
353 3557 580 3619 demonstrata.
1024 3565 1032 3584 ·
1190 3599 1194 3628 ,

233 3653 234 3664 ἵ
352 3667 453 3732 Simili
476 3666 587 3732 deinde
602 3665 726 3731 ratione
741 3677 886 3730 versatus
902 3689 971 3731 sum
985 3665 1018 3730 in
1040 3663 1243 3743 sacerdotiis,
1268 3676 1403 3750 totoque
1425 3665 1518 3728 cultu

267 3779 376 3845 divino
404 3778 541 3862 lapidum
572 3778 760 3844 adminiculo
792 3779 1004 3854 illustrandis3
1042 3779 1227 3864 quibuscum
1253 3789 1321 3842 arte
1343 3779 1518 3842 cohaerent

267 3893 368 3958 omnis
392 3890 518 3976 generis
540 3891 626 3968 ludi,
650 3891 850 3974 spectacula,
880 3891 1065 3956 certamina.

352 4004 505 4086 Quartam
535 4003 684 4086 deinceps
709 4025 815 4067 rerum
848 4005 1064 4070 Romanarum
1089 4004 1203 4068 seriem
1229 4002 1337 4069 exorsi
1363 4023 1469 4066 sumus
1497 4024 1516 4064 a

265 4115 485 4191 matrimonio,
515 4117 621 4199 quod,
645 4116 788 4201 quamvis
812 4116 970 4180 advitam
993 4115 1196 4198 domesticam
1211 4093 1398 4199 ciuilemque
1412 4115 1515 4202 magis

265 4229 458 4314 pertineret,
480 4250 498 4290 a
517 4227 716 4293 caerimoniis
735 4240 839 4292 tamen
854 4228 999 4294 Deorum
1013 4227 1238 4293 immortalium
1248 4228 1337 4311 ¹haud
1352 4239 1435 4291 esset
1450 4229 1515 4290 dis·

264 4343 425 4416 iunctuuu
448 4351 561 4423 utpote
581 4343 682 4426 quod,
702 4340 891 4406 Modestiae
909 4351 1054 4417 auctore,
1079 4339 1177 4404 divini
1195 4351 1227 4403 et
1242 4340 1368 4404 humani
1381 4339 1458 4403 iuris
1474 4339 1518 4402 sit

266 4451 529 4536 communionum
546 4452 650 4516 varias
664 4465 778 4534 postea
789 4452 1035 4518 necessitudines
1048 4473 1065 4516 e
1079 4449 1196 4533 nuptiis
1208 4464 1308 4531 ortas,
1323 4475 1360 4516 ac
1373 4450 1522 4526 norniua,

266 4587 402 4652 quorum
420 4564 576 4648 perplexa
587 4583 681 4647 saepe
694 4565 775 4629 ratio
789 4585 830 4628 ex
844 4562 1105 4646 inscriptionibus
1120 4565 1206 4650 haud
1220 4565 1374 4630 minimam
1390 4557 1515 4646 partem

266 4676 456 4761 explicatur,
473 4698 581 4762 sumus
595 4676 767 4760 persecuti.
813 4677 903 4757 Quae
918 4676 1025 4764 omnia
1041 4695 1143 4762 quum¹
1153 4681 1194 4741 ad
1210 4677 1371 4764 ingenuos
1385 4674 1541 4766 potissi·‚¹

265 4812 350 4855 mum
361 4799 556 4875 spectarent,
580 4787 667 4853 servi
678 4787 783 4853 statim
795 4789 888 4855 uthis
902 4801 1154 4873 opponerentur,
1168 4803 1237 4855 erat
1247 4802 1491 4856 consentaneum
1505 4811 1514 4864 ;
