3264 5414
286 457 379 522 64'

285 617 378 663 quoque
399 604 423 648 in
444 603 546 648 diversis
566 602 617 646 suls
635 601 704 646 libris
728 601 811 646 cadem
835 615 892 647 susa
910 604 1012 658 repetit,
1040 603 1180 648 nominatim
1204 603 1228 648 iu
1251 603 1308 658 illo,
1338 603 1376 646 cui
1401 601 1476 647 iudex
1499 608 1536 648 est

284 689 440 752 Rscberebss
465 691 596 734 curicuses
619 687 773 750 d'usstiqssits'.
791 689 865 750 Lyon
884 686 965 746 1683,
985 686 1022 746 1.,
1043 691 1133 736 'Latine
1153 703 1225 737 verso
1242 692 1266 735 in
1290 687 1376 736 Potoni
1400 688 1536 735 Tdssouro

284 780 380 826 't'.1v.
415 778 506 824 Eadem
523 779 638 838 igiturne
655 772 775 839 Muffeius
798 779 902 824 lectores
919 778 994 824 allicit
1010 779 1135 835 molestia,
1161 781 1303 835 praesertim
1320 778 1442 824 iudicibus
1462 792 1535 837 quum

284 873 375 914 careat.
421 868 547 912 Acerrime
565 865 712 912 SPOMVM
729 880 830 912 censura
854 866 882 911 de
904 867 1025 924 epitaphio
1046 867 1147 926 quodam
1164 867 1240 922 (Mur.
1262 864 1326 922 1⁵2,
1347 863 1382 922 1.)
1402 867 1534 912 insectatur

284 955 367 1012 Lupus
388 951 456 1014 Epis.
477 954 591 999 Seuerus.
611 967 635 1011 p.
656 950 698 1000 sl.

354 1043 511 1102 SQvttutvs
528 1039 703 1100 (Seropbinus)
716 1053 739 1086 s.
752 1039 864 1087 Dorium
882 1056 905 1099 p.
922 1039 980 1088 511.
1000 1043 1024 1087 in
1041 1037 1147 1088 Elencho
1167 1043 1299 1098 librorum,
1319 1043 1405 1102 quibus
1418 1047 1458 1089 est
1469 1055 1535 1087 usus.

285 1131 317 1178 Ν.
338 1129 380 1178 17.
410 1131 572 1176 vitiosissime
591 1131 611 1175 is
629 1131 693 1176 dedit
710 1131 878 1186 inscriptiones
896 1130 986 1188 aliquot
1004 1130 1182 1187 Hispanienses.

324 1265 325 1270 ,
353 1219 476 1264 sultuna
494 1217 651 1276 (b'ominmss)
669 1219 707 1264 Ea
723 1233 752 1264 eo
773 1220 934 1264 commentitia
955 1219 1016 1264 band
1037 1233 1110 1276 pauca
1132 1221 1172 1263 dat
1191 1207 1316 1264 Gruterris
1334 1219 1358 1263 iu
1377 1219 1486 1274 Spuriis.

353 1301 530 1353 tanturm!
546 1307 618 1352 tituli.
656 1307 788 1366 ,Plerique
807 1308 946 1362 Tarentini,
965 1306 1134 1366 ulteriorisque
1150 1307 1276 1353 Calabriae
1291 1308 1352 1352 tituli
1365 1321 1465 1364 semper
1476 1306 1533 1350 mibi

283 1396 329 1441 viai
358 1401 413 1440 sunt
432 1397 597 1454 antiquitatem
620 1395 727 1441 mentiri.
774 1396 836 1442 Vide
862 1395 929 1442 Mur.
956 1391 1004 1450 10,
1029 1393 1054 1440 8.
1083 1394 1129 1452 11,
1159 1393 1184 1442 i.
1213 1393 1262 1450 5¹),
1290 1392 1313 1442 5.
1341 1391 1408 1450 139,
1435 1393 1468 1450 3,
1494 1392 1536 1438 U
1611 1431 1612 1434 ,

284 1485 370 1529 Sarius
388 1481 466 1529 Miss.
487 1481 511 1530 3.
531 1497 555 1540 p.
577 1479 618 1529 30.
1434 1535 1441 1544 ,

355 1571 524 1619 Tavna‘uvs
548 1568 743 1628 (Beneuentum)
767 1570 804 1616 Ea
828 1572 880 1616 eins
903 1568 1019 1617 Historia
1040 1570 1130 1617 Atinas
1151 1571 1226 1628 Neap.
1254 1567 1330 1616 1702.
1352 1571 1535 1628 suspectissima

284 1661 400 1718 quaedam
420 1660 492 1710 babet
515 1661 680 1716 Muramrius,
706 1659 778 1704 veluti
804 1655 852 1719 12,
878 1657 903 1704 5.
941 1660 1020 1717 Quum
1037 1665 1114 1728 tamen
1134 1661 1211 1717 ipsum
1234 1659 1322 1704 librum
1345 1673 1393 1704 non
1414 1657 1531 1711 siderius,

284 1748 399 1794 iudicium
420 1749 539 1793 contineo.

355 1837 525 1882 susurras
549 1850 571 1880 s.
599 1835 784 1890 susurrus,
821 1833 894 1880 tutus
920 1825 1122 1908 ψευδώνυμος
1144 1837 1199 1882 see.
1223 1837 1281 1882 xv.
1308 1835 1439 1892 Pomponii
1465 1833 1533 1878 naeu

285 1925 420 1969 academiae
446 1924 594 1980 adscriptus,
620 1937 649 1970 ac
668 1924 706 1968 sel
727 1935 758 1968 es
775 1923 881 1968 Homero
901 1925 1060 1981 simpliciter,
1085 1926 1137 1978 rel,
1163 1925 1218 1983 quis
1236 1939 1250 1968 1
1272 1923 1450 1980 posterioribus
1467 1935 1491 1967 v.
1511 1935 1532 1966 c.

283 2012 429 2067 Plutarcho,
449 2012 629 2058 Titanornacbia
649 2013 730 2069 priseo
744 2012 778 2056 ilii
791 2015 876 2069 poetae
894 2013 1020 2070 tribuitur,
1039 2018 1158 2070 nmquam
1170 2011 1318 2057 Christianae
1337 2011 1532 2068 superstitionis,

285 2099 321 2158 (ut
344 2099 455 2146 dicebant
474 2099 573 2156 Romae)
596 2101 762 2154 adversarius,
787 2099 832 2145 boe
850 2103 946 2146 nomine
964 2101 1107 2160 insignitus,
1127 2103 1156 2146 de
1174 2113 1220 2158 quo
1238 2100 1295 2144 baec
1314 2099 1384 2145 babet
1402 2100 1534 2158 Fogginlus

284 2190 309 2234 in
326 2186 411 2234 Fastis
428 2203 453 2245 p.
474 2185 532 2234 1⁰4.
570 2189 688 2243 „Domum
701 2202 788 2244 operae
803 2193 906 2244 pretium
919 2203 972 2234 csse
990 2189 1067 2234 seulio
1085 2189 1173 2246 aliquid
1191 2189 1284 2244 dicere,
1304 2201 1346 2232 cur
1362 2189 1436 2234 etiam
1448 2189 1533 2232 fastos

285 2277 340 2322 illos
358 2277 576 2334 praetermiserim,
603 2289 663 2336 quos
684 2275 786 2322 lacobus
801 2277 940 2322 Masocbius
955 2277 1027 2322 edidit
1042 2276 1086 2321 sub
1105 2277 1149 2320 boe
1164 2277 1249 2322 titulo:
1266 2273 1339 2322 Festi
1354 2291 1404 2322 sex
1418 2277 1533 2336 priorum

284 2365 408 2410 transirem
429 2379 464 2409 ex
481 2365 583 2424 antiquo
597 2352 722 2409 snnrmors
737 2364 834 2408 inuento
853 2378 900 2423 per
919 2361 1076 2426 Thamyrum
1097 2364 1142 2409 sub
1160 2361 1308 2423 Capitolinis
1329 2365 1431 2422 ruinis,
1460 2363 1534 2408 cuius

228 2505 231 2512 ,
285 2453 421 2498 marmoris
445 2453 527 2496 ultera
542 2467 608 2510 pers
632 2452 743 2510 reliquos
766 2451 842 2495 etium
866 2465 914 2496 ses·
938 2465 1037 2497 menses
1060 2452 1116 2497 sine
1139 2449 1223 2497 Fastis
1244 2451 1384 2497 continebat
1394 2467 1408 2510 ,·
1443 2448 1533 2497 scilicit

285 2541 413 2588 manifesto
435 2541 572 2596 suppositos
596 2553 638 2585 eos
661 2538 786 2593 arbitror,
818 2540 880 2597 quod
904 2541 1066 2596 praesensisse
1089 2540 1147 2584 mibi
1171 2541 1280 2586 ridentur
1303 2541 1375 2586 etism
1397 2541 1530 2592 Gruterus,

285 2627 372 2688 aliique
396 2629 546 2686 antiquarum
564 2627 745 2683 inscriptionum
770 2625 937 2682 collectores,
967 2629 1102 2686 ueterisque
1123 2628 1258 2674 calendarii
1278 2629 1444 2675 Rornanorum
1465 2643 1532 2673 enar·

285 2721 398 2770 ratores,
430 2715 491 2771 apud
515 2728 576 2773 quos
601 2714 664 2759 nulla
688 2719 725 2759 est
747 2728 832 2759 eorum
854 2715 954 2760 mentio.
1007 2715 1040 2760 Et
1063 2717 1171 2774 protecto
1194 2718 1334 2764 Mssecbius
1361 2720 1462 2774 locum,
1494 2715 1532 2759 ubi

285 2816 393 2850 marmor
416 2804 604 2857 adseruaretur,
624 2803 757 2848 nullatenus
777 2803 890 2860 indicat;'
909 2804 954 2848 etsi
979 2805 1026 2848 alia
1048 2803 1117 2850 buius
1140 2807 1237 2864 generis
1254 2808 1375 2851 luarsnora
1393 2804 1532 2853 describens

285 2893 332 2938 boc
350 2892 477 2950 diligenter
495 2893 608 2936 adnotare
627 2904 745 2949 nunquam
760 2891 857 2936 omittit.
894 2892 1025 2937 Praeterea
1041 2891 1077 2937 1111
1094 2894 1139 2950 ipsi
1154 2893 1219 2938 Fasti
1237 2907 1263 2940 ss
1281 2897 1385 2960 produnt
1401 2893 1530 2950 confictos3

286 2981 437 3026 solumunodo
456 2980 519 3024 euim
540 2980 590 3025 dies
608 2985 704 3035 notant,
730 2992 790 3038 quos
810 2978 910 3024 Ouidius
927 2981 1050 3026 describit.
1098 2980 1199 3027 Fraudis
1217 2989 1300 3027 auctor
1318 2982 1453 3038 Thamyras
1474 2993 1532 3026 uuus

285 3069 332 3114 suit
349 3081 378 3114 ex
396 3069 470 3116 suciis
488 3067 590 3114 celebris
607 3069 671 3114 itlius
689 3069 829 3114 Academiae
847 3068 983 3124 Romanae,
1009 3083 1079 3128 quam
1098 3070 1244 3126 Pomponius
1261 3071 1349 3119 Laetus
1367 3073 1484 3125 instituit,
1510 3072 1533 3113 et

286 3159 311 3205 in
336 3138 381 3216 qna
398 3158 444 3202 boc
461 3170 539 3213 opus,
560 3161 585 3202 et
605 3158 643 3202 bie
666 3157 737 3202 labor
759 3156 805 3202 init
827 3158 984 3213 praecipuus,
1010 3159 1151 3218 utquisque
1169 3159 1267 3204 Latinos
1286 3165 1379 3205 veteres
1397 3161 1532 3216 Scriptores

286 3251 337 3293 tum
352 3247 531 3300 inscribendo,
551 3249 601 3290 tum
613 3246 637 3289 iu
650 3247 768 3303 loquendo
782 3245 938 3304 aequiparare
953 3247 1032 3300 potius
1047 3259 1117 3304 quam
1135 3247 1223 3292 imitari
1241 3252 1375 3306 satagerem
1395 3237 1440 3294 nec
1458 3245 1531 3292 inanis

286 3340 324 3381 est
341 3335 460 3391 suspicio,
491 3334 553 3392 quod
573 3323 691 3394 quaedanr'
707 3338 774 3378 vetus
792 3332 887 3378 Latium
907 3335 1016 3379 sonantia
1032 3333 1207 3390 confinxerint,
1236 3340 1262 3380 ut
1279 3337 1325 3380 sibi
1343 3337 1445 3382 invicem
1463 3333 1531 3380 ueluti

231 3397 239 3409 ο
287 3436 331 3480 per
349 3423 430 3468 iocum
446 3423 582 3467 illuderent.
633 3422 751 3478 Quoniam
766 3433 825 3466 uero
849 3421 913 3490 ipsis⁸
932 3423 1003 3466 etiam
1024 3422 1113 3478 placuit
1134 3421 1189 3468 licta
1211 3425 1257 3470 sibi
1281 3426 1377 3470 nomina
1394 3425 1529 3482 imponere,

275 3511 368 3555 ¹nescio
393 3513 446 3568 quis
470 3511 567 3554 latuerit
587 3509 631 3553 sub
650 3508 785 3562 Thamyrae
802 3510 914 3564 neruiue,
943 3509 1052 3566 subque
1071 3523 1124 3555 eum
1148 3525 1243 3568 semper
1267 3519 1479 3558 commemoratum
1497 3511 1530 3554 in·

286 3599 350 3643 seui.
393 3597 455 3642 Nori
473 3603 551 3642 tamen
569 3595 674 3640 nubilem
695 3595 829 3640 Romanum
846 3596 920 3641 fnisse
941 3611 972 3642 ea
989 3597 1050 3642 Cod.
1073 3600 1129 3644 Vnt.
1150 3595 1226 3646 2836.
1247 3602 1305 3646 olim
1321 3603 1406 3661 Augeli
1424 3597 1530 3650 Colocii,

288 3685 330 3732 ubi
348 3686 482 3739 Thamyrae
502 3688 579 3730 exstat
596 3683 681 3728 Oratio
702 3685 726 3728 in
744 3683 839 3729 Laurea
854 3685 977 3730 Laurentii
996 3685 1152 3732 Bonincontri
1171 3689 1334 3744 Ministensis,
1367 3696 1390 3735 et
1406 3689 1467 3734 Aelii
1485 3687 1531 3730 lta·

287 3775 371 3833 gusei,
402 3787 462 3832 quae
486 3773 511 3818 iu
532 3773 659 3832 marginali
682 3777 737 3817 nota
760 3773 846 3816 dieitur
870 3770 959 3818 Orutio
978 3771 1124 3835 Thamyrae
1142 3775 1235 3822 nobilis
1254 3775 1373 3832 Romani,
1399 3777 1465 3824 etin
1486 3786 1530 3831 qua
1553 3779 1555 3784 '

288 3867 371 3907 auctor
391 3847 550 3918 fiompouium
568 3861 661 3914 laudet,
687 3865 711 3905 et
727 3865 908 3916 praeceptorem
932 3875 1001 3906 suurn
1020 3847 1131 3918 appellat.
1174 3865 1304 3912 Praeterea
1319 3867 1383 3923 quod
1401 3865 1531 3916 tuomum

288 3951 425 4006 curaverit,
457 3956 483 3995 nt
509 3928 612 3995 Poutsui
637 3961 697 4004 opus
720 3947 750 3993 de
773 3946 986 4010 Magnanimitute
1010 3953 1142 4006 ederetur,
1173 3958 1273 3998 testatur
1298 3937 1364 3999 i’etri
1391 3947 1531 3998 Summonuit

288 4040 408 4096 epistola:
428 4044 453 4104 et
468 4040 531 4096 qnod
549 4037 572 4082 iu
590 4039 684 4094 pottica
700 4037 812 4082 facultate
829 4043 914 4093 potens
934 4039 1016 4095 tuerit,
1037 4042 1104 4086 testis
1122 4046 1159 4087 est
1179 4040 1230 4086 iob.
1251 4041 1357 4100 Baptista
1377 4041 1435 4088 Pius
1452 4041 1531 4084 Bono-

288 4128 394 4182 niensis,
413 4142 428 4173 a
446 4139 493 4184 quo
511 4125 554 4171 tib.
574 4123 620 4170 111.
639 4123 714 4186 Elsg.
734 4126 882 4182 appellatur:

426 4213 506 4260 Pierii
525 4211 672 4273 Thamyras
686 4214 773 4274 glorio
788 4215 875 4271 primu
891 4211 971 4259 ederi.

258 4339 260 4350 ,
288 4303 396 4348 liabetur
419 4317 512 4362 quoque
536 4301 729 4359 impressu·eius
756 4304 784 4346 ad
807 4303 893 4347 Dirum
919 4303 1005 4348 lulirsrn
1032 4303 1065 4349 11.
1091 4305 1163 4348 Post.
1189 4271 1255 4350 tusi.
1281 4307 1385 4365 ecloga,
1415 4304 1456 4350 sed
1480 4301 1530 4344 aine

289 4393 359 4446 anni,
390 4397 415 4436 et
437 4396 549 4447 typorum
566 4395 622 4436 nota
639 4391 664 4436 in
683 4386 725 4446 1.,
756 4405 847 4436 necnon
866 4370 1071 4450 epissrammatium
1089 4393 1112 4437 iu
1135 4393 1199 4436 libro
1223 4394 1338 4451 inscripto
1356 4390 1530 4452 Corrrrionds'

289 4494 336 4540 quo
354 4481 378 4524 iu
398 4479 475 4533 libro,
507 4479 570 4524 edito
589 4493 629 4524 ao.
648 4477 811 4533 munst„
836 4479 957 4524 Francisei
983 4480 1074 4525 Arsillii
1102 4481 1288 4539 §sangalliensis
1307 4482 1402 4528 libellus
1419 4476 1530 4524 inseritur

287 4571 318 4632 pt
339 4569 448 4614 Paullum
473 4567 564 4612 lorium
584 4565 615 4611 ris
635 4565 718 4612 rotro
737 4565 861 4623 Urbnnis,
892 4568 955 4614 inter
976 4579 1035 4626 quos
1057 4567 1189 4622 Thamyras
1207 4545 1474 4622 ita'xcomsnernoralur,
1504 4564 1530 4606 ut

285 4636 395 4705 'rideatur
414 4658 461 4702 iam
478 4661 529 4699 tum
547 4669 559 4699 e
578 4655 638 4699 rivis
657 4656 804 4700 excessisse:

427 4743 460 4792 At
476 4741 548 4788 modo
566 4741 623 4802 prsis
642 4739 788 4802 Thamyras
805 4739 931 4787 cuderam
947 4755 997 4787 nors
1013 4743 1110 4799 nmeit,
1127 4745 1262 4806 orantque!

496 4829 582 4878 saraa
599 4830 642 4876 cri
658 4829 737 4876 nitido
753 4835 855 4890 pectore
870 4843 931 4877 asna
941 4825 1023 4891 suit.”
1041 4855 1074 4866 -
