3466 5928
364 441 422 500 52⁰
883 435 1086 496 EPISTOLA

361 574 452 628 serint
473 551 620 644 legendum
640 569 800 627 stivario
825 567 864 644 (ιι.
886 569 962 624 Mur.
984 527 1054 632 dni,
1078 565 1117 643 7.)
1141 565 1264 622 eruditus
1287 533 1398 639 quidam
1421 563 1459 618 ad
1477 566 1595 637 Equitem

361 679 416 720 cet.
438 663 532 718 literas
553 663 647 731 dedit,
669 664 826 729 obtestans,
854 663 973 717 Caetera
992 681 1060 734 qttoe
1078 661 1137 713 lteic
1155 661 1354 713 interaudiens
1370 659 1474 725 dele,·”
1507 659 1596 731 quibus

359 763 485 832 primum
503 761 568 820 tisis
586 762 682 812 statim
701 755 735 810 ad
755 772 786 809 ea
810 754 938 830 coniugi.
958 771 1027 829 quae
1046 753 1118 826 apud
1137 757 1252 810 Puerum
1271 769 1441 826 sequunture

548 855 654 924 Puppis
674 849 897 904 reimmittere
915 851 1033 902 Graitars
1051 849 1177 902 Troiane
1195 853 1316 920 recepit:

619 941 737 1014 Profuit
754 953 782 995 ei
800 945 889 1017 Myso
914 945 1005 1000 Pelias
1023 941 1108 994 basia
1123 942 1194 996 duci.

433 1037 537 1105 Missa,
563 1053 633 1111 quoe
653 1037 724 1091 mibi
745 1035 817 1090 iacta
835 1037 887 1091 init
908 1041 1008 1090 iniuria
1021 1036 1206 1102 PATERNA,
1234 1050 1316 1106 quam
1339 1037 1378 1088 ita
1398 1045 1520 1098 vocans,
1549 1051 1596 1104 quo

357 1131 429 1184 mibi
446 1131 509 1184 ioco
526 1135 580 1196 sis,
614 1149 668 1204 quo
687 1131 756 1184 mihi
775 1130 839 1183 loco
857 1130 973 1197 colaris,
998 1127 1115 1184 candide
1134 1145 1161 1190 st
1180 1147 1241 1182 vere
1258 1128 1368 1194 scribo,
1392 1129 1429 1180 ab
1448 1128 1597 1180 Emendar-

357 1224 457 1278 dorum
475 1225 633 1280 TVORVM
652 1224 732 1290 ioco,
763 1227 886 1295 quamuis
910 1239 984 1277 tanta
1001 1225 1172 1276 humanitate
1192 1227 1313 1295 scripto,
1343 1237 1373 1274 ιιι
1393 1219 1426 1274 de
1445 1222 1595 1276 SILVidiO

360 1317 469 1372 tacendi
491 1323 687 1373 necessitatem
704 1317 774 1370 mibi
790 1301 933 1389 imponat,
963 1314 1087 1370 noudum
1106 1331 1198 1369 tamen
1218 1315 1302 1377 ubeor
1318 1320 1392 1386 .quia
1409 1317 1536 1368 detinent
1558 1333 1595 1366 me

357 1411 427 1466 huuc
443 1411 525 1466 verba
545 1427 682 1478 extrema,
703 1428 772 1482 ptrue
791 1408 850 1460 lteie
865 1409 1080 1476 intermediam,
1107 1408 1198 1482 paullo
1223 1423 1303 1477 anic,
1328 1407 1453 1462 eiusdem
1470 1425 1536 1482 puta
1555 1425 1595 1462 co·

356 1505 468 1560 lumnse
487 1509 586 1571 initio,
618 1519 725 1576 quoque
745 1519 760 1554 a
781 1503 829 1556 Tit
851 1481 957 1574 podits,
984 1522 1054 1574 qttue
1078 1503 1288 1556 irtterrrtediarrt.
1328 1505 1406 1558 Hanc
1425 1502 1486 1556 stili
1506 1501 1594 1554 barba-

356 1601 428 1652 riettt
447 1597 580 1650 facillime
600 1602 730 1652 evitasses
747 1593 874 1670 ponendo
892 1595 1053 1669 utrobique,
1084 1601 1154 1668 quae
1175 1596 1341 1648 intermedia
1362 1605 1447 1657 suot.-
1472 1613 1522 1649 seu
1541 1595 1594 1648 bre·

356 1695 416 1744 sius
436 1691 662 1765 participialiter,
689 1689 872 1754 irtterrttedt'a,
897 1706 937 1742 sc.
958 1684 1042 1748 ὄντα.
1080 1690 1175 1743 Meam
1198 1689 1320 1744 sordium
1341 1689 1466 1744 Fabretti
1487 1707 1593 1741 rentur-

354 1801 453 1836 aarum
471 1784 712 1857 reprehensionem
729 1798 827 1838 contra
844 1783 893 1837 TE
910 1787 980 1836 tueri
1001 1781 1093 1838 debui.
1131 1785 1212 1838 Nunc
1228 1801 1261 1837 ex
1279 1783 1326 1838 TE
1346 1799 1467 1855 quaero,
1491 1799 1526 1834 an
1545 1799 1593 1834 nun

354 1877 465 1932 soloeca
484 1893 569 1949 seque
588 1881 661 1943 sint,
682 1892 750 1948 quae
766 1876 843 1931 TIBI
863 1876 929 1930 stiio
946 1892 1038 1930 uetera
1054 1880 1128 1949 gravi
1143 1891 1172 1930 et
1191 1885 1289 1932 ornato
1310 1880 1416 1942 utenti,
1441 1875 1592 1930 exciderunt

354 1974 461 2036 verius,
491 1949 657 2044 quam'pttto
683 1970 845 2045 probantur.
885 1972 1036 2042 Inscriptio
1058 1986 1074 2022 a
1100 1967 1193 2025 Gudio
1217 1979 1366 2037 emersura,
1394 1969 1429 2022 ds
1455 1969 1530 2040 Sigi.
1549 1971 1592 2022 Gr.

354 2080 418 2140 pag.
441 2067 489 2124 69.
517 2082 567 2139 pro
592 2083 661 2136 qttae
682 2071 836 2118 emanavit.
874 2069 1042 2123 Perventum
1070 2068 1158 2132 (esse)
1185 2081 1236 2139 pto
1251 2069 1430 2136 pervertisse,
1457 2068 1539 2118 initio
1555 2081 1591 2135 ep.

353 2162 418 2218 XV.
433 2163 504 2212 Ant.
529 2159 604 2212 Gali.
622 2159 673 2212 sei.
696 2175 758 2233 pag.
775 2161 821 2218 69.
913 2175 916 2180 ¹

430 2263 520 2316 Δάτι
535 2263 605 2317 dare
621 2268 744 2317 srtstirtrti
762 2263 811 2316 ΤΕ
830 2263 901 2318 mihi
919 2261 1055 2316 obiecisse
1077 2263 1202 2315 memini.
1240 2261 1322 2316 Noae
1341 2263 1472 2329 invenio,
1502 2277 1544 2314 me
1561 2256 1590 2310 ad

352 2355 532 2410 Buuhtertum
547 2375 617 2428 pag.
640 2363 684 2419 13.
701 2357 751 2410 litt.
771 2359 799 2416 6.
817 2361 961 2429 scripsisse
980 2355 1020 2408 ad
1035 2364 1078 2421 te,
1100 2355 1156 2410 Vir
1174 2359 1359 2423 gravissime,
1381 2354 1453 2406 dare
1468 2357 1589 2416 sustinui,

353 2453 403 2519 qui
421 2447 490 2504 ordo
508 2449 653 2504 uerborum
665 2465 790 2504 meorum
802 2467 894 2504 ιιιιιιιιι
910 2449 945 2502 ab
961 2465 1077 2504 numero
1092 2451 1204 2521 poiitico
1221 2451 1288 2502 satis
1308 2446 1386 2502 abiti
1426 2446 1589 2503 choriambo

318 2597 320 2604 ,
351 2557 447 2596 autem
465 2540 609 2615 periodum
625 2541 769 2610 claudere,
799 2547 861 2614 quis
883 2558 1006 2616 unquam
1021 2540 1230 2596 reformidavit?
1268 2539 1322 2596 Sed
1341 2541 1412 2596 haee
1427 2541 1504 2597 levia
1521 2555 1586 2596 suoi.

351 2635 443 2708 Pergo
463 2636 496 2688 ad
520 2634 605 2690 aliud.

428 2745 578 2821 Obstupui,
591 2745 689 2813 fateor,
704 2764 789 2818 quom
809 2745 988 2822 praefationis
1001 2747 1097 2802 TVAE
1114 2747 1196 2801 verba
1211 2751 1327 2820 paginae
1341 2761 1459 2802 octavae
1476 2761 1586 2801 extrem

350 2837 488 2914 legerem,
527 2856 560 2895 ao
582 2845 605 2896 si
630 2861 691 2915 pag.
708 2843 753 2902 si.
773 2861 847 2908 non,
879 2857 910 2897 ut
932 2846 961 2895 iu
981 2845 1104 2914 margine
1119 2846 1223 2895 omissa
1243 2841 1415 2916 parenthesis
1437 2851 1505 2895 nota
1526 2845 1585 2894 titas

350 2953 379 3009 p·
396 2937 442 2997 εἰ.
465 2935 615 2990 Muratorii
634 2934 800 3004 consilium,
834 2941 1030 3008 inscriptiones
1047 2939 1075 2988 in
1093 2951 1215 2989 veterum
1235 2950 1379 2988 auctorum
1393 2934 1478 2988 libris
1498 2935 1585 2989 relatas

351 3032 382 3082 in
405 3046 485 3082 suum
508 3029 682 3084 Thesaurum
700 3029 884 3102 importandi,
919 3049 975 3085 non
995 3027 1145 3095 damnans,
1167 3031 1234 3100 quin
1251 3027 1384 3096 laudans,
1405 3027 1437 3082 id
1457 3029 1527 3083 mibi
1546 3045 1586 3080 vo·

350 3120 478 3190 inissem,
505 3125 577 3179 nibil
600 3139 645 3176 me
671 3121 841 3178 discriminis
863 3139 983 3178 statuere
1009 3127 1081 3176 inter
1103 3126 1312 3195 inscriptiones,
1337 3138 1403 3196 quas
1421 3141 1456 3176 ex
1476 3138 1586 3176 marmo-

350 3214 428 3269 ribus
457 3222 524 3290 ipsis
553 3221 594 3271 rei
619 3217 811 3290 epigrapbicae
834 3221 998 3290 peritissimi
1024 3219 1076 3270 viri
1102 3221 1305 3277 recensuerint:
1338 3231 1365 3270 et
1381 3231 1450 3289 quas
1467 3215 1544 3270 docti
1558 3231 1585 3267 es

349 3309 470 3363 aliorum
490 3325 598 3364 tantum
615 3310 741 3378 schedis,
777 3311 913 3384 flagitiose
932 3327 1013 3384 saepe
1030 3289 1185 3384 corruptis,
1208 3307 1391 3384 prodiderint.
1430 3307 1515 3382 Quod
1532 3327 1584 3383 pet·

350 3402 499 3456 absurdum
516 3421 561 3457 ms
580 3421 669 3476 neque
689 3404 835 3478 protulisse
851 3421 980 3476 utquam,
1002 3421 1090 3476 neque
1108 3408 1261 3458 somniasse
1277 3419 1415 3474 unquam,
1433 3419 1511 3460 certo
1524 3407 1582 3458 scio·

351 3497 478 3552 Titulum
500 3499 654 3552 Proseresii
681 3497 754 3572 apud
778 3500 934 3572 Euuapium
961 3479 1155 3551 intenieddum
1178 3512 1194 3549 a
1215 3499 1371 3552 Muratorio
1390 3503 1485 3554 notati
1502 3496 1583 3570 negle-

350 3607 427 3644 ctum
448 3597 522 3644 esse':
550 3608 637 3663 quem
657 3595 681 3645 si
701 3597 731 3645 in
749 3592 876 3666 Eunapio
893 3592 948 3663 legi
968 3595 1110 3658 scivisset,
1139 3587 1313 3644 hauddubie
1331 3589 1469 3660 dedisset,
1501 3611 1534 3646 ιιι
1553 3587 1581 3640 ib

350 3689 473 3739 instituti
494 3688 536 3738 sui
555 3688 663 3738 ratione
685 3683 854 3740 deflecteret.
892 3687 971 3740 Hauc
990 3689 1065 3738 enim
1085 3689 1113 3740 iu
1132 3683 1289 3757 colligendo
1308 3686 1452 3740 Thesauro
1468 3703 1518 3740 suo
1535 3683 1581 3738 sibi

349 3779 439 3852 legem
460 3777 533 3845 fixit,
563 3777 661 3834 edendi
679 3779 755 3833 nullo
774 3779 871 3832 babitu
893 3777 1069 3833 discrimine:
1095 3781 1121 3834 1.’
1136 3779 1341 3852 Epigrammata
1358 3777 1449 3833 adhuc
1467 3786 1497 3834 in
1516 3793 1582 3832 vetu-

296 3935 300 3946 ,
349 3877 401 3928 stit
421 3873 559 3948 lapidibus
577 3876 737 3928 exsistentia
761 3871 844 3947 (uude
865 3871 936 3926 uude
957 3849 1087 3946 accepta,
1126 3877 1183 3926 sive
1208 3872 1243 3925 ab
1266 3871 1450 3942 αιίιόιιταις,
1479 3879 1534 3927 site
1553 3887 1581 3922 et

347 3965 474 4034 scbedis,
502 3972 558 4020 sive
580 3984 613 4020 es
633 3971 818 4021 recentiorum
842 3965 948 4032 libris.)
988 3968 1027 4022 11.
1048 3968 1271 4039 Epigrammata,
1293 3983 1362 4038 quae
1381 3965 1484 4020 dudum
1504 3969 1581 4040 perie-

349 4075 430 4125 runt,
451 4077 480 4116 at
497 4066 526 4114 in
545 4065 601 4115 suis
620 4059 699 4115 libris
718 4077 822 4115 ueteres
841 4060 922 4124 nobis
938 4076 1093 4114 servarunt:
1121 4058 1279 4113 cuiusmodi
1294 4076 1335 4114 est
1352 4062 1506 4114 Proseresii
1523 4063 1580 4112 titu-

348 4153 393 4208 lus
410 4153 444 4206 ab
457 4154 583 4228 Eunupio
601 4154 682 4208 uobis
699 4171 829 4209 servatus.
870 4155 923 4209 111.
937 4155 1160 4228 Epigrammata,
1179 4170 1248 4244 qutp
1265 4171 1322 4208 uon
1338 4154 1457 4226 amplius
1473 4166 1580 4212 entant,

348 4251 425 4301 atin
441 4247 550 4302 schedis
566 4251 734 4302 recentiores
753 4247 833 4302 nobis
855 4263 1007 4303 servarunt.
1046 4248 1106 4300 Hoc
1129 4247 1277 4302 Muratorii
1304 4247 1455 4304 consiliunt
1481 4257 1579 4302 tantum

321 4371 324 4380 ·
350 4339 439 4395 abfuit
455 4355 486 4393 ιιι
503 4338 677 4394 damnarem:
697 4341 804 4397 laudati
821 4346 923 4415 potins,
942 4362 967 4400 ι.
982 4357 1009 4395 et
1023 4360 1104 4399 ιεσσ.
1123 4359 1152 4414 p.
1164 4344 1230 4403 487.
1250 4341 1302 4398 lin.
1322 4347 1368 4401 10.
1386 4359 1413 4396 st
1430 4347 1578 4410 epiamnune

349 4435 442 4490 laudo.
481 4432 587 4502 Habes,
611 4454 665 4508 quo
682 4453 763 4490 sensu
782 4437 929 4490 Muratorii
952 4453 1002 4509 ego
1020 4433 1146 4488 laudator
1162 4453 1191 4507 p.
1212 4438 1257 4496 ai.
1274 4439 1334 4489 eius
1350 4437 1420 4514 mibi
1441 4435 1519 4490 verbs
1531 4437 1577 4487 si·

238 4538 245 4564 i
350 4535 562 4603 interpretatus,
593 4533 731 4601 proxime,
766 4527 849 4582 credo
874 4528 908 4580 ad
933 4535 1157 4603 mentemipsius
1176 4531 1339 4584 Muratorii:
1377 4547 1459 4585 sensu
1477 4525 1577 4602 quidem

348 4623 522 4696 cortolonga
541 4619 611 4689 aiio,
640 4638 721 4694 quant
749 4639 831 4694 quem
858 4623 936 4677 Tim
960 4621 994 4676 de
1017 4641 1061 4676 me
1081 4623 1212 4698 fingebat.
1250 4629 1343 4695 Quam
1364 4622 1450 4690 Ιιιιιι,
1476 4635 1576 4696 quamve

350 4718 421 4773 male
439 4733 555 4792 magnus
574 4721 667 4788 magui
683 4715 747 4770 iibri
765 4732 842 4790 pater
860 4715 980 4771 mediam
1000 4717 1112 4772 consilii
1132 4723 1174 4772 sui
1191 4733 1314 4792 partem,
1340 4717 1374 4772 de
1389 4734 1443 4791 qua
1462 4731 1520 4792 pag·
1537 4713 1576 4774 ti·

351 4831 395 4868 me
412 4815 499 4886 egisse
516 4809 644 4866 omuibus
661 4809 753 4886 palam
767 4827 824 4880 est,
848 4813 885 4865 sit
902 4827 1012 4866 secutus
1029 4828 1056 4866 et
1075 4828 1234 4882 exsecutus,
1258 4831 1294 4868 ιιι
1310 4831 1384 4870 nunc
1401 4811 1510 4885 quidem
1521 4823 1576 4862 ost·
