3264 5414
52 327 78 359 l

206 371 270 470 fs
655 365 1054 436 enarrarre

249 538 426 626 decipimur
440 535 654 622 interpolatis,
679 534 927 630 commenticiis,
949 533 1131 632 corruptis,
1151 535 1288 612 martiliss
1311 555 1406 621 quam
1424 534 1500 620 plu-

248 653 345 718 rimas
356 653 500 740 denique
520 673 579 734 per
597 650 712 740 itinera
730 648 1074 737 peregrinantiumfac
1087 671 1147 734 per
1165 651 1293 716 libellos
1309 647 1503 735 praesertim

249 765 398 842 Italicos,
429 786 567 849 mrorum
591 785 669 830 raro
691 763 729 826 iit
750 763 844 846 copia
866 763 987 828 bomini
1006 766 1189 840 Germano,
1214 765 1347 829 subinde
1370 757 1502 848 sparsas
1612 823 1616 830 .

248 899 384 963 prorsus
402 877 587 964 ignoremus
607 898 737 942 necesse
757 888 818 941 est.
863 877 926 941 Sed
939 898 996 942 eos
1012 877 1223 961 potissimum,
1247 877 1302 962 qui
1322 899 1339 940 a
1356 876 1500 960 copiosis
1538 959 1541 966 ι

249 989 454 1056 bibliothecis
471 990 601 1076 longius
622 989 738 1057 remoti
759 1011 820 1074 per
835 987 1008 1074 Gymnasia
1028 989 1284 1060 adolescentibus
1299 987 1502 1054 instituendis

250 1105 498 1186 operam'dant,
528 1101 707 1189 aegerrime
726 1123 857 1179 carere,
883 1124 924 1166 ne
951 1105 1094 1168 Grutero
1119 1102 1239 1180 dicam,
1267 1102 1499 1172 Fleetwoodio

196 1275 202 1281 .
250 1216 364 1294 etiam,
396 1227 427 1286 et
452 1199 647 1292 Polcastro,
681 1225 731 1294 et,
763 1217 818 1299 qui
836 1215 920 1280 inter
938 1215 1200 1299 compendiorum
1219 1215 1504 1302 epigraphicorum

249 1327 425 1411 scriptores
447 1327 632 1413 primarium
654 1327 777 1394 obtinet
794 1329 920 1410 locum,
947 1327 1143 1404 Morcellio,
1166 1349 1396 1413 saepenumero
1419 1327 1500 1404 vidi,

250 1461 289 1510 uc
315 1441 521 1506 vehementer
543 1439 644 1506 dolui.
690 1442 986 1530 Quorumquidem
1011 1441 1188 1506 commodis
1210 1463 1308 1527 quum
1324 1452 1408 1505 esset
1422 1441 1503 1505 suh-

249 1552 458 1633 veniendum,
477 1552 516 1618 iis
532 1575 661 1644 quoque
676 1563 712 1616 ut
726 1553 970 1638 prospiceretur
986 1566 1231 1619 consentaneum
1254 1566 1340 1630 erat,
1359 1553 1495 1641 ’qisibus,

146 1753 152 1768 .
250 1669 423 1732 dummodo
438 1678 622 1750 suppeteret
636 1677 779 1750 tempus,
796 1666 947 1752 'largiora
965 1666 1104 1732 subsidia
1120 1669 1277 1752 denegata
1294 1687 1360 1732 non
1379 1676 1500 1729 essent.

251 1775 337 1860 Quia
365 1777 460 1846 etiam
489 1777 560 1862 ipsa
586 1777 751 1863 disdipliua
773 1789 837 1842 tam
859 1780 1007 1866 neglecta
1028 1779 1133 1844 iuvari
1154 1780 1352 1867 aliquatenus
1373 1789 1503 1861 poterat
1596 1783 1600 1792 '

248 1909 336 1957 nova
356 1889 425 1960 eius
446 1883 585 1974 epitome
614 1893 699 1960 heard
726 1913 863 1976 prorsus
888 1890 1001 1957 inseite
1026 1896 1198 1968 adornata,
1228 1914 1308 1976 quae
1336 1890 1500 1975 philologi

252 2003 435 2069 Germanici
449 2005 602 2070 honestae
617 2005 776 2072 sufficeret
787 2005 976 2072 curiositati.
1007 2007 1103 2072 Hune
1119 2005 1200 2071 enim
1218 2027 1283 2069 non
1302 2017 1365 2068 tam
1379 2004 1500 2081 stilum,

249 2137 344 2202 quem
363 2115 482 2194 dieunt,
505 2117 763 2204 inscriptionum,
788 2121 841 2202 (de
858 2141 924 2206 quo
943 2120 1112 2218 praeclare
1125 2118 1275 2201 exposuit
1293 2116 1502 2198 Morcellius)
1620 2189 1621 2198 ρ

251 2248 344 2314 quan
377 2243 599 2317 argumentum
628 2231 733 2316 ipsum
760 2231 885 2296 varium
916 2241 949 2296 et
977 2231 1146 2313 multiplex
1175 2243 1321 2312 spectare
1344 2249 1405 2310 par
1432 2240 1500 2302 est;

248 2345 325 2419 aed,
352 2354 387 2406 ut
408 2344 524 2410 babeat
546 2343 721 2410 doctissimi
741 2345 817 2408 Itali
839 2343 975 2421 librum,
1000 2341 1155 2408 rariorem
1178 2343 1263 2424 apud
1282 2362 1340 2406 nos
1359 2351 1391 2404 et
1409 2339 1502 2404 nimis

249 2476 378 2532 carum,
412 2477 455 2520 ex
477 2477 518 2520 eo
538 2455 747 2540 paucissimos
765 2457 929 2522 dumtaxat
944 2455 1076 2533 titulos,
1106 2453 1251 2539 quamvis
1274 2453 1406 2537 copiose
1428 2453 1501 2516 illu·

249 2577 387 2644 stratos,
414 2579 605 2650 pernoscet;
628 2589 733 2654 neque
757 2568 851 2633 facile
874 2571 934 2634 bos
956 2589 1077 2651 paucos
1099 2566 1244 2632 suumin
1265 2589 1356 2634 usum
1378 2565 1501 2650 poterit

121 2727 129 2742 .
249 2690 457 2747 conuertere.
502 2679 666 2764 Quocirca
688 2681 766 2748 nibil
784 2703 880 2767 quum
898 2681 1054 2759 riderem,
1078 2683 1166 2765 quod
1181 2701 1311 2769 magnas
1329 2679 1414 2744 inter
1431 2679 1501 2745 eol-

177 2885 184 2898 1
206 2869 212 2879 ,
247 2790 404 2862 lectiones
426 2803 521 2880 atque
536 2793 691 2877 epitomas
713 2794 893 2880 praedictas
916 2793 1033 2858 iustum
1052 2793 1183 2880 aliquod
1206 2783 1340 2858 medisim
1360 2803 1498 2868 teneret,

175 2973 179 2982 ,
222 2931 226 2939 ’
249 2904 303 2970 diu
326 2907 495 2978 admodum
517 2919 584 2985 est,
614 2929 657 2972 ex
679 2929 744 2992 quo
767 2907 801 2973 iu
823 2906 959 2974 animum
981 2907 1110 2984 induxi,
1146 2906 1277 2970 simulac
1297 2900 1373 2989 poit
1394 2905 1499 2970 varias

247 3015 400 3087 tonsurae
424 3017 679 3099 vicissitudines,
704 3022 802 3088 miras
824 3019 912 3098 illas,
937 3043 1041 3106 neque
1062 3031 1168 3084 tamen
1183 3019 1344 3105 ingratas,
1378 3017 1500 3102 patriae

250 3133 377 3197 tandem
396 3119 499 3198 essem
518 3133 697 3211 restitutus,
717 3135 783 3200 hoc
795 3133 828 3203 iu
843 3155 963 3219 genere
978 3132 1149 3219 aliquando
1168 3131 1349 3198 elaborare.
1373 3130 1501 3194 Etenim
1547 3183 1549 3186 .
1620 3137 1621 3142 ’

247 3243 394 3322 Romae,
425 3246 592 3325 Lutetiae,
621 3225 1003 3334 Gotting'aesBerolini,
1028 3245 1244 3311 Vindobouae
1265 3243 1367 3307 maior
1390 3241 1500 3326 utique

248 3354 409 3420 librorum
427 3357 615 3437 multitudo,
639 3359 793 3426 Nemausi
810 3369 921 3434 antea,
946 3378 1047 3433 nunc,
1071 3367 1106 3419 ut
1124 3357 1231 3431 audio,
1255 3354 1417 3430 Lutetiae,
1442 3353 1499 3416 ab·

248 3466 461 3533 solutissimus
480 3469 575 3536 etiam
593 3469 646 3534 ille
669 3469 765 3544 index
787 3469 1034 3555 Seguieriaous,
1069 3491 1109 3534 ne
1130 3489 1213 3532 niuno
1231 3467 1359 3553 quidem
1388 3479 1499 3532 conte·

250 3581 416 3655 mumdum
439 3591 570 3664 praesto
596 3580 725 3660 fuisset,
750 3582 864 3648 Turici
886 3603 987 3659 vero,
1011 3581 1155 3668 quamvis
1170 3581 1388 3665 compluribus
1410 3579 1500 3643 libris
1592 3587 1597 3597 ‘

228 3691 326 3756 'alihl
345 3691 471 3762 facilius
489 3693 684 3759 inveniendis
702 3695 882 3773 destitutus,
906 3695 941 3759 id
959 3705 1063 3760 tamen
1081 3693 1293 3780 reperiebam,
1318 3696 1405 3779 quod
1425 3715 1501 3757 nns-

250 3825 344 3889 quam
364 3805 424 3872 nisi
441 3805 474 3872 in
496 3805 657 3876 carissima
679 3808 783 3892 patria
806 3807 838 3871 in
859 3819 1011 3892 promptu
1030 3818 1116 3883 erat;
1150 3807 1402 3890 copiosissimum
1427 3805 1500 3870 dico

247 3929 435 4000 apparatum
450 3918 692 4006 epigraphtbum
708 3919 760 3990 Io.
777 3919 878 3987 Casr.
896 3923 1151 3996 Haeruaveun,
1169 3919 1277 3984 viriis
1292 3921 1356 3985 hoc
1371 3939 1499 4005 genere,

250 4029 307 4094 ubi
325 4029 539 4117 diligentiam,
563 4033 789 4140 assiduitatem,
813 4034 1047 4119 perspicaxque
1065 4032 1225 4119 ingenium
1243 4041 1383 4116 spectes,
1407 4031 1500 4097 facile

226 4143 229 4152 ’
250 4140 424 4228 principis3
446 4165 512 4228 qino
528 4143 655 4230 quidem
674 4158 828 4230 apparatu
840 4145 926 4212 illius
947 4159 1023 4229 post
1045 4149 1167 4212 obitum
1186 4164 1278 4211 nemo
1296 4148 1401 4210 adltuc
1419 4128 1502 4210 esset

150 4281 158 4296 =
251 4275 345 4331 usus,
378 4275 541 4341 perpauca
562 4257 617 4328 illa
640 4259 669 4328 si
691 4258 850 4342 excipias,
878 4281 959 4346 qnae
985 4261 1180 4325 eoncedente
1201 4258 1426 4346 Hagenbncbii
1446 4277 1503 4342 gea

252 4383 332 4434 nero
355 4380 451 4462 atque
472 4371 591 4434 herede
615 4371 872 4455 Steinbryohelio
890 4373 923 4436 in
942 4372 1062 4441 Museo
1086 4371 1254 4435 Turiceasi
1275 4392 1347 4434 enm
1370 4367 1503 4434 eruditis

252 4481 496 4548 communicavit
527 4483 762 4584 ¹Hottingerua,
807 4485 1000 4550 venerahilis
1029 4487 1190 4570 quondam
1218 4504 1307 4548 meos
1337 4479 1500 4570 magister.

253 4595 368 4678 Ergo,
391 4593 581 4681 simulatque
602 4597 677 4664 huic
700 4597 834 4684 negotio
864 4597 951 4665 licuit
972 4619 1106 4686 uacare,
1138 4597 1363 4680 amplissimum
1391 4593 1502 4658 inscri-

203 4779 207 4788 ,
252 4706 398 4790 puerum
413 4707 600 4820 Latinarum
615 4709 771 4784 deleretur
785 4709 951 4775 instituere
969 4709 1112 4786 decrevi,
1127 4709 1158 4773 in
1175 4729 1241 4794 qino
1256 4707 1395 4794 atridem,
1414 4707 1499 4788 stilo,
