3264 5410
509 483 780 546 iii‘issitii‘iiicn
799 487 881 581 Vm·
905 487 960 546 IX.
1247 491 1258 508 ¹
1296 491 1352 552 5'ii
1389 485 1391 492 ’

108 616 190 674 rendi
207 633 315 692 tempus
333 633 385 674 est.
423 621 495 675 Dico
512 637 577 673 vero
592 616 737 686 sudseter,
756 625 802 691 qui
823 636 919 674 eureos
927 659 938 685 ,1
958 635 1117 694 urgenteos,
1135 636 1246 688 tereos,
1263 624 1353 674 rossi·

108 729 189 779 mos,
210 710 409 778 medioximus,
432 718 564 767 minimos
590 717 619 767 in
642 711 739 766 eedem
758 729 821 766 sreu
837 731 965 768 nummos
986 713 1098 770 recondi
1118 733 1174 768 non
1192 712 1350 787 improbus,

108 803 160 859 sed
180 804 294 880 probet,
313 811 419 862 nemini
440 824 504 860 eunt
519 806 646 881 prudenti
668 810 707 860 its
726 794 853 880 desiperd
866 806 968 874 rideri,
987 813 1066 881 qussi
1085 807 1256 862 adulterinos
1277 810 1350 860 inter

107 913 139 953 et
159 915 236 953 veros
255 916 385 955 nummos
400 900 472 956 nihil
487 914 589 956 statuet
606 897 793 968 discriminis,
821 918 914 974 greces
930 906 1017 956 curtis
1033 917 1091 958 uon
1107 899 1258 970 anteierat,
1285 909 1353 973 quti-

108 989 239 1046 drsntem
257 990 371 1047 denario
388 1007 496 1066 seques.
604 1043 607 1050 .

184 1105 298 1158 Vriesm
316 1105 364 1159 ΤΕ
382 1122 512 1172 exorem,
534 1105 585 1160 Vir
601 1103 748 1172 inlustris,
765 1109 812 1178 qni
828 1105 910 1163 MSS.
931 1109 1151 1180 inscriptionum
1171 1099 1351 1160 collectiones

109 1195 244 1270 plurimes
264 1203 441 1271 percurristi,
461 1215 492 1252 nt
505 1195 684 1272 prseintiunis
700 1200 800 1253 ‘iviii
814 1216 874 1272 pag.
893 1201 927 1254 Χ.
943 1200 1022 1274 lego,
1041 1205 1127 1255 immo
1146 1204 1246 1272 quies
1264 1202 1354 1251 ursio·

110 1290 290 1363 ribus,.quss
310 1310 367 1346 nou
383 1291 500 1356 rideris,
519 1309 619 1366 peuces
638 1297 756 1368 reperire
773 1311 817 1346 me
836 1293 1002 1347 indies-non
1018 1299 1122 1359 iectus,
1141 1292 1189 1346 sed
1211 1297 1353 1354 uerissime

109 1373 212 1452 scribis
238 1401 298 1458 pag.
325 1375 438 1452 ccii,
469 1401 500 1440 ut
524 1385 641 1460 ineditus
664 1405 697 1440 es
723 1391 757 1440 iis
780 1379 976 1459 inscriptiones
998 1386 1080 1440 nobis
1099 1384 1252 1460 produces,
1283 1402 1353 1458 qnue

111 1495 198 1550 quum
219 1477 456 1546 exscriberentur,
480 1483 509 1533 in
529 1481 698 1550 sehedrtque
716 1485 836 1553 primum
857 1473 1038 1546 rdierrentur,
1064 1478 1154 1533 adhuc
1173 1483 1354 1546 exstiterunt,
1443 1539 1450 1548 ‚

112 1589 188 1626 nune
205 1589 297 1639 sutem
314 1571 490 1627 oeciderunt:
519 1589 632 1644 qnorum
649 1579 677 1628 in
698 1590 739 1628 tot
754 1572 878 1648 lepidum
901 1573 1072 1628 literatorum
1088 1579 1184 1628 mortis
1209 1571 1353 1648 generibus

111 1681 232 1738 quantus
251 1669 287 1720 sit
310 1683 455 1732 numerus,
473 1663 555 1720 iseile
575 1683 616 1722 est
632 1671 798 1723 existimsre.
835 1665 915 1722 Coris.
935 1666 1010 1722 Ssxii
1027 1671 1115 1739 peric.
1136 1686 1163 1740 p.
1183 1667 1210 1725 1.
1230 1665 1277 1721 fin.

114 1795 118 1800 ·
188 1779 266 1848 Qnse
284 1783 312 1832 in
331 1779 459 1836 MVSEO
475 1779 568 1844 TVO,
588 1777 661 1850 qnod
680 1777 769 1832 sdhnc
789 1763 893 1832 enesim
917 1793 1023 1833 esurum
1043 1777 1271 1845 trunsireiieuis,
1289 1777 1357 1852 Epi·
1465 1846 1469 1863 .

110 1869 193 1925 stolis
216 1872 410 1946 Epigrsphicis
428 1877 592 1946 reposuisti,
611 1873 774 1946 singillstim
790 1889 834 1924 me
856 1877 982 1944 persequi
1002 1877 1025 1926 si
1047 1876 1176 1937 iusseris,
1194 1875 1233 1926 itu
1248 1889 1355 1926 morem

110 1965 191 2020 Titii
207 1981 314 2038 gerum,
339 1981 370 2020 us
390 1965 523 2038 singnitri
542 1966 659 2040 epistoiu
675 1965 818 2040 enucleare
838 1971 892 2019 sim
912 1964 1053 2030 dicturus,
1077 1981 1146 2035 qnae
1163 1981 1278 2037 utroque
1295 1965 1356 2039 pul-

110 2059 169 2112 lice
188 2057 322 2131 probem,
349 2073 377 2112 et
399 2057 432 2112 de
454 2059 568 2132 quibus,
600 2064 629 2112 in
653 2064 750 2134 primis
767 2057 814 2112 nbi
831 2058 974 2112 meviensis
995 2057 1146 2112 studiosior
1167 2075 1225 2112 rem
1244 2075 1356 2112 ornnem

110 2155 181 2205 sotis
201 2151 335 2225 explicere
353 2150 454 2206 dixisse
473 2170 528 2206 non
547 2152 664 2219 videris,
684 2153 762 2208 t'l'E
781 2150 962 2206 dissentiendi
977 2167 1077 2204 censue
1097 2156 1244 2226 supersint.
1283 2153 1356 2206 Huic

111 2261 207 2298 nutem
232 2245 365 2318 epistoise
391 2245 465 2299 molo
490 2245 544 2300 ulis
569 2265 644 2300 nune
668 2247 801 2318 qusedsm
819 2243 960 2311 adtexere,
980 2244 1072 2314 nulio,
1090 2246 1159 2299 mihi
1178 2241 1275 2311 crede,
1294 2261 1356 2298 esr-

113 2339 197 2414 pendi
217 2339 325 2405 studio,
356 2339 404 2394 sed
427 2345 491 2412 quin
510 2345 582 2396 miro
603 2340 638 2394 ub
661 2345 886 2412 Antiqusriorum
909 2340 1056 2413 Principe,
1084 2339 1198 2411 qniTV
1219 2339 1357 2407 mihies,

112 2433 241 2510 discendi
260 2433 412 2508 cupiditate
431 2435 528 2510 flsgro.
1169 2445 1172 2454 ‘

635 2529 701 2601 Peg.
724 2531 793 2595 125,
813 2532 841 2588 5.

189 2639 260 2692 Cum
277 2641 334 2693 susi
354 2639 434 2694 huius
452 2641 504 2694 Ex
525 2639 758 2706 Nroiitecn,
786 2655 815 2694 nt
836 2657 868 2692 es
887 2643 957 2692 meis
977 2634 1011 2690 td
1027 2637 1075 2693 ΤΕ
1096 2636 1185 2692 literis
1211 2635 1357 2703 recordor,

114 2707 234 2786 coilutds
250 2748 264 2784 s
281 2751 326 2787 me
343 2733 448 2806 pridem
464 2750 522 2802 est,
540 2739 588 2805 qui
605 2738 634 2786 iu
647 2735 721 2788 Mur.
735 2741 799 2798 851,
810 2735 838 2792 6.
856 2733 1073 2805 NeoperLAX,
1093 2750 1141 2787 sen
1153 2729 1357 2802 Naopiiiitx

114 2827 185 2882 iiii.
207 2827 376 2882 ioitTst
396 2827 513 2900 legitur,
541 2843 567 2881 et
593 2831 715 2880 vertente
740 2825 868 2879 nonnihil
893 2832 1028 2898 scripturo
1049 2831 1134 2880 etium
1158 2821 1358 2897 Neofi'LAX,

114 2936 163 2972 sen
188 2919 396 2990 Naoj'YLAX,
425 2938 473 2974 seu
497 2919 607 2974 tandem
633 2937 740 2992 quoque
764 2917 963 2990 Nargf'YLAX'
980 2920 1082 2992 expleri
1108 2935 1212 2992 posset.
1252 2916 1358 2971 Totum

114 3013 170 3068 hoo
195 3019 367 3080 omisissem,
397 3017 450 3066 nisi
472 3019 584 3067 tertium
602 3013 815 3088 Νιωᾳύλακα,
840 3029 888 3066 seu
907 3013 1120 3086 Ναοᾳυλακα,
1152 3029 1199 3064 sen
1224 3011 1358 3084 Ναιπύ-

113 3107 214 3176 ianm,
233 3111 279 3180 qui
297 3105 439 3162 custodite
457 3122 539 3160 censs
556 3103 663 3175 rauci,
682 3109 1009 3180 ueuibm„prsepositns
1025 3120 1113 3174 esset,
1132 3107 1202 3158 milri
1221 3093 1357 3158 invenisse

114 3206 191 3256 risus
214 3217 301 3256 essem
326 3203 356 3254 in

637 3295 702 3366 i’ng.
722 3293 792 3360 iii,
811 3297 839 3355 5.

193 3407 299 3463 iiiiii.
321 3409 374 3462 iii.
392 3405 477 3462 AVG.
507 3403 719 3476 „scribendum
739 3401 982 3478 inquiuiorisssc
1001 3418 1060 3458 erst
1078 3403 1177 3458 Navi.
1196 3403 1359 3456 Nnvr'crsla-

115 3504 177 3554 rius
196 3499 317 3554 Triremi
335 3499 496 3570 „supersim”
533 3501 575 3553 De
597 3499 701 3554 MVF.
723 3513 816 3552 tucent
838 3497 944 3552 indices
963 3498 1045 3566 ivi,
1067 3503 1194 3552 contenti
1211 3513 1274 3572 pag.
1294 3499 1359 3556 isi.

117 3593 174 3647 col.
193 3599 220 3654 3.
241 3593 319 3649 durs:

572 3685 626 3740 iii.
647 3686 770 3760 Angusto
790 3684 862 3753 1119,
880 3691 907 3748 δ.

118 3803 239 3853 numeris
256 3797 430 3864 fallentibus,
459 3804 488 3853 in
507 3801 674 3868 verosd'iss,
693 3805 721 3860 5.
739 3795 930 3864 reformandis.
971 3798 1026 3851 Pro
1047 3797 1153 3852 Neve.
1175 3797 1294 3862 Goriut,
1313 3801 1360 3868 qui

118 3898 226 3968 primns
239 3893 342 3960 edidit,
360 3893 460 3948 Nive
476 3893 559 3947 hebet
574 3909 724 3964 vocemque
738 3891 837 3948 NAVE
852 3906 1008 3964 expressum
1025 3889 1124 3944 nddere
1139 3889 1224 3966 lepidi
1240 3893 1361 3963 pretium
1477 3896 1489 3918 *

118 3985 255 4043 obseresr.
280 4006 305 4042 v.
336 3997 563 4062 itonaprsxoor.
588 4006 614 4060 p.
634 3989 699 4046 iiii.
724 3987 774 4040 lin.
797 3994 839 4044 ii.
879 3986 909 4040 Si
930 3989 959 4038 in
983 3983 1074 4058 lupide
1094 4000 1167 4040 esset
1185 3985 1292 4051 iiiii,
1311 4003 1361 4058 pro

118 4083 228 4152 integro
251 4079 385 4148 ablativo,
414 4095 500 4152 seque
526 4097 558 4134 sc
583 4082 697 4146 Nive,
728 4069 900 4154 reciperetur
926 4077 1168 4144 commodissime,
1202 4095 1256 4150 quo
1277 4077 1361 4132 modo

117 4173 211 4246 Nepos
234 4175 448 4246 πληθυντικῶς
470 4175 556 4229 semei
578 4191 666 4228 naves
690 4181 820 4226 triremes
838 4180 871 4238 2,
891 4180 924 4240 2,
944 4179 970 4232 8.
1003 4187 1032 4225 et
1058 4169 1164 4236 ἑνικῶς
1191 4171 1235 4225 bis
1261 4191 1362 4224 unverre

117 4273 260 4320 triremem
280 4277 329 4324 io:
348 4271 380 4326 li:
401 4275 426 4328 1.
451 4283 478 4322 et
507 4277 556 4326 10:
575 4273 608 4328 9:
630 4273 656 4324 2.
675 4268 757 4344 plene
777 4265 884 4322 extulit·
923 4263 1001 4322 side
1018 4265 1163 4320 Ssucsium
1180 4266 1250 4320 mihi
1268 4267 1359 4322 Diotr.

117 4379 146 4436 p·
164 4367 209 4424 51.
225 4367 352 4418 citatum.

196 4473 224 4528 Si
242 4491 257 4526 u
273 4475 323 4528 TE
338 4473 434 4528 dotum
453 4475 558 4530 iiivi.
578 4477 607 4528 in
626 4468 718 4544 lupide
734 4477 795 4546 ipso
813 4473 934 4546 legatur,
952 4464 1027 4544 qnod
1041 4475 1082 4524 sie
1097 4487 1113 4524 s
1127 4471 1174 4525 TE
1189 4476 1218 4525 iu
1237 4476 1361 4552 margine

118 4571 255 4622 exteriore
271 4566 427 4642 ndposimm
447 4567 562 4632 enodes,
582 4568 686 4622 Nive.
706 4568 803 4639 sigism
821 4573 1004 4639 interpretor,
1025 4581 1105 4619 untes
1122 4564 1247 4619 nondum
1265 4570 1363 4632 visum,

117 4666 194 4715 vocis
206 4665 343 4734 integrus,
363 4667 392 4714 in
403 4661 464 4715 siiis
479 4660 584 4714 duobus
594 4660 746 4735 lapidibus,
767 4677 796 4714 ut
812 4659 945 4722 vidimus,
966 4664 1021 4714 iant
1035 4665 1177 4727 inventae,
1195 4658 1363 4731 iiiiiylaae

119 4757 175 4810 iii.
192 4757 276 4811 nvo.
294 4755 526 4826 remansionis
547 4757 615 4810 iiii.
635 4755 812 4810 correvus.
833 4751 861 4809 st
879 4774 926 4828 ριι
942 4757 981 4820 ν,
999 4771 1055 4808 ιιι
1075 4773 1125 4828 per
1143 4754 1185 4819 o,
1212 4757 1240 4806 m
1253 4759 1322 4820 125,
1335 4759 1361 4812 3.

119 4853 242 4908 incisum
261 4847 357 4905 inisset
376 4851 428 4906 EX
446 4849 677 4922 iisvriiscii,
711 4848 745 4904 de
762 4847 869 4920 Templi
889 4847 1009 4906 Custode
1033 4863 1175 4920 nunquam
1194 4852 1224 4908 iu
1242 4863 1362 4904 utentem
1423 4889 1432 4912 -,
