3264 5414
527 381 950 512 tolerantes
1192 473 1200 490 ·
1315 449 1355 516 tt

13 615 14 620 ’
106 615 319 682 inmedibssem
338 635 441 700 paene
459 636 529 680 esse
548 635 699 682 saxorum
718 615 954 692 confusionem,
975 615 1007 680 in
1026 615 1151 683 Museis
1166 619 1353 701 praesertim
1372 673 1373 676 ,

108 729 224 796 ltalieis
240 741 272 796 et
284 727 489 805 Britannicis,
506 727 562 791 ubi
576 729 615 792 de
626 727 787 813 plerisque
799 727 896 793 hodie
906 729 977 793 lere
991 728 1180 808 nesciretur,
1198 733 1354 798 undenam

106 865 251 930 quaeque
272 842 391 908 inerint
413 845 545 906 advecta
558 853 578 905 τ’
601 841 753 908 maiorem
776 842 870 906 etiam
891 841 995 906 inesse
1013 841 1226 908 difficultatem
1248 845 1281 908 in
1302 845 1353 920 iis,

105 977 186 1042 quae
211 968 288 1039 post
316 957 491 1020 Gruterum
517 965 707 1041 ceterosque
730 975 862 1039 magnos
884 955 1078 1021 collectores
1101 955 1154 1020 vel
1178 954 1357 1022 interierint

104 1070 247 1146 omnino,
269 1069 322 1132 vel
341 1068 447 1133 locum
466 1067 628 1146 mutarint,
653 1067 706 1132 vel
720 1067 752 1131 in
768 1067 884 1154 quibus
900 1070 939 1132 ab
955 1067 1018 1132 illis
1037 1067 1170 1153 aliisque
1188 1070 1356 1156 negligen-

104 1183 163 1246 tius
184 1183 212 1246 is
231 1193 316 1246 esset
331 1193 479 1246 notatnsa
500 1217 537 1230 -
559 1179 635 1267 quid
660 1183 785 1246 tandem
800 1201 939 1266 quaero,
963 1181 1062 1246 iacies
1077 1181 1264 1268 Ligoeianis
1278 1176 1358 1247 retii

104 1295 237 1381 quisque
260 1295 376 1360 misere
392 1292 592 1377 interpolatis
614 1305 709 1380 atque
727 1292 869 1376 spuriis?
913 1293 1088 1377 Quocirca,
1110 1295 1256 1380 quamvis
1273 1295 1355 1358 clas-

104 1408 180 1472 sium
196 1429 329 1494 qnoque
344 1407 532 1490 descriptio,
557 1407 681 1492 quslem
705 1427 769 1492 ego
789 1405 929 1484 institui,
953 1404 1018 1472 stis
1035 1427 1102 1472 non
1120 1407 1244 1472 levibus
1263 1409 1356 1474 labo·
1415 1463 1418 1472 t

103 1534 150 1585 ret
164 1520 395 1598 incommodis,
419 1518 620 1584 nihilominus
634 1519 666 1582 in
681 1519 806 1584 Latinis
822 1519 883 1584 erit
897 1519 1124 1602 praeferenda,
1148 1533 1259 1604 utpote
1273 1543 1355 1606 qnae
1484 1573 1486 1582 .

102 1632 160 1716 ipsi
185 1633 383 1719 antiquitatis
409 1631 559 1699 scientiae
581 1632 682 1718 magis
704 1631 746 1698 sit
765 1632 958 1716 protutura:
996 1635 1093 1697 modo
1119 1632 1210 1699 locns
1236 1633 1374 1720 ubiqne'
1475 1717 1477 1724 Ι

104 1767 194 1830 mnam
222 1747 421 1811 cnrtfimime
444 1746 514 1810 lieri
536 1747 673 1829 poterit,
701 1744 911 1832 investigetur
936 1757 1032 1833 atque
1054 1759 1215 1812 enotetnr.
1260 1749 1353 1833 Ergo

104 1861 139 1921 ad
159 1857 332 1924 Helvetico
355 1871 389 1922 nt
408 1861 555 1935 redeam,
588 1859 686 1923 habes
704 1857 758 1922 hic
776 1857 881 1946 omnia
899 1857 1091 1936 milrimota,
1115 1857 1233 1923 inedita
1258 1860 1353 1924 etiam

103 1970 245 2058 aliquot;
279 1969 416 2036 maxima
436 1970 583 2048 minima,
607 1969 734 2056 integra
755 1969 881 2048 mutila,
906 1970 1031 2035 sincera
1048 1972 1177 2055 spuria,
1203 1974 1243 2034 ab
1267 1970 1354 2036 occi·

102 2085 194 2148 dente
225 2083 381 2150 orientem
403 2104 518 2149 versus
536 2095 722 2168 perpetuam
744 2085 776 2148 in
798 2083 910 2148 seriem
930 2083 1095 2167 disposita.
1140 2083 1237 2166 Quod
1258 2097 1355 2169 caput

103 2197 157 2260 etsi
170 2197 379 2282 booqnidem
396 2217 514 2283 genere
528 2219 599 2262 cnm
616 2197 731 2261 ceteris
747 2196 918 2279 discrepat,
938 2195 972 2260 id
985 2207 1089 2260 tamen
1105 2195 1302 2292 praestabit,
1317 2207 1353 2262 ut

103 2320 230 2374 nostram
242 2307 599 2392 disciplinae·stndiosus
614 2312 738 2374 mature
752 2308 792 2372 sit
805 2308 1036 2399 intellecturum,
1054 2307 1170 2394 quibus
1178 2329 1257 2372 -cnm
1273 2307 1354 2374 diffi·
1393 2371 1395 2374 .
1442 2314 1449 2331 “

104 2421 271 2487 cultatibus
292 2422 325 2488 in
344 2444 381 2487 ea
402 2422 646 2488 conflictandum
668 2423 727 2500 sit,
751 2422 971 2510 quantumque
989 2441 1082 2506 saepe
1098 2421 1235 2486 taedium
1252 2423 1352 2486 devo·

103 2537 234 2598 randum
254 2533 288 2598 in
307 2534 387 2599 male
405 2535 592 2620 exscriptis,
624 2534 764 2614 nuncin,
795 2535 1041 2612 commenticiis,
1074 2535 1189 2600 nullius
1217 2533 1353 2620 denique

104 2649 252 2710 momenti
275 2646 537 2731 inscriptionibus
558 2647 815 2734 pervestigandis
835 2669 872 2712 ac
893 2647 1111 2714 diiudicandis.
1170 2629 1240 2730 Qua
1263 2647 1295 2712 in
1315 2669 1353 2711 re

106 2779 300 2846 magnopere
315 2782 365 2825 me
384 2761 574 2826 adiuverunt
592 2760 819 2848 Hageubuchii
833 2761 1015 2838 Helvetico,
1038 2760 1235 2826 accuratiora
1252 2761 1352 2845 longe

105 2881 133 2934 et
149 2873 266 2938 medus
287 2871 456 2952 illustrata,
479 2893 574 2959 quam
590 2885 663 2940 ante
676 2853 796 2938 iactum
812 2885 880 2972 erat
896 2895 914 2938 a
930 2874 1162 2950 Guillimanno,
1186 2873 1350 2948 Plautino,

105 2994 149 3060 et,
179 2985 239 3071 quui
267 2986 329 3051 bos
357 2997 389 3051 et
415 2996 518 3050 aetate
538 2997 571 3052 et
585 2987 711 3072 'meritis
733 2989 941 3062 antecedunt,
971 2985 1110 3071 Aegidio
1134 2986 1298 3050 Tschndio
1318 2995 1353 3050 et
1444 3015 1448 3026 ¹

104 3094 187 3161 losia
211 3097 369 3176 Simlero,
392 3099 482 3163 cuius
504 3099 739 3186 Antiquitatum
761 3098 1004 3164 Helveticarnm
1027 3097 1189 3162 volumina
1211 3097 1352 3182 quinque
1405 3081 1410 3094 ¹

105 3205 198 3290 ipsius
221 3231 316 3274 mann
337 3209 434 3276 nitide
456 3211 574 3296 scripta
594 3210 817 3277 Turicensittm
832 3211 1026 3276 bibliotheca
1040 3209 1168 3294 publica
1188 3213 1353 3274 adservat.

105 3319 152 3384 Ex
169 3324 281 3388 eadem
298 3323 462 3390 Ottiannm
476 3325 627 3392 volumen
639 3324 883 3409 inscriptionum
896 3322 1150 3399 Helveticarnm,
1165 3324 1221 3387 sed
1232 3303 1355 3388 nullum*
1427 3319 1432 3326 ’

105 3431 179 3514 lere,
198 3447 277 3520 post
293 3437 519 3524 Hagenbucbii
533 3459 640 3502 curam
657 3439 756 3503 multo
772 3439 969 3528 ampliorem,
987 3457 1077 3500 risum
1093 3435 1168 3500 mihi
1179 3426 1350 3518 praebens,

105 3559 231 3626 praesto
246 3560 315 3613 erat
325 3571 334 3626 ;
361 3571 464 3634 nuper
479 3551 598 3615 effossa
612 3551 1032 3635 suppeditabantllallerns,
1057 3561 1088 3614 et
1106 3551 1252 3613 Levade.
1276 3549 1353 3613 Hoc

106 3655 198 3742 igitur
226 3673 341 3744 caput,
378 3661 531 3749 singulari
553 3683 623 3730 cnm
646 3663 809 3750 diligentia
830 3673 1017 3743 tractatum,
1051 3661 1228 3746 speciminis
1259 3631 1353 3724 sirim

107 3767 173 3836 loco
194 3785 278 3852 esto,
302 3778 466 3859 quomodo
486 3775 718 3862 geographiam
740 3777 900 3866 antiquam
924 3775 1002 3844 solis
1024 3797 1066 3840 ex
1082 3773 1240 3860 lapidibus
1255 3777 1351 3840 ador·

108 3887 233 3951 rendam
259 3885 451 3952 existimem.

184 3997 425 4083 Geograpbicis
446 4021 527 4066 vero
550 4001 724 4080 absolutis,
747 4001 912 4068 Historica
935 4024 1002 4068 sum
1026 4022 1220 4090 aggressus,
1252 4000 1295 4066 its
1316 4011 1353 4063 ut

107 4101 171 4172 inde
199 4129 217 4174 a
246 4111 390 4176 Romulo
420 4134 520 4198 usque
542 4115 583 4178 ad
605 4115 846 4184 Theodoricum
868 4135 977 4202 regem
999 4126 1187 4199 perpetuam
1209 4125 1352 4179 texerem
1398 4195 1401 4204 ,

107 4234 378 4287 monumentorum
407 4225 539 4304 seriem,
575 4248 669 4312 qtsam
698 4229 783 4292 baud
812 4227 933 4314 exiguo
962 4228 1033 4293 usui
1053 4229 1126 4293 iore
1149 4229 1278 4293 conlido
1299 4227 1350 4305 iis,

107 4332 166 4414 qu,
181 4334 233 4399 rel
262 4335 362 4420 ipsam
392 4337 556 4404 historiam
578 4343 752 4423 postmodo
774 4341 837 4405 sint
859 4339 1055 4419 enarramri,
1086 4341 1139 4405 vel
1163 4339 1352 4405 illustratori
1472 4377 1475 4386 ,

106 4453 135 4506 et
153 4455 332 4532 temporum
353 4449 532 4528 rationem,
556 4463 589 4516 ct
608 4473 766 4518 nummos.
811 4453 850 4518 In
870 4475 935 4538 quo
954 4466 1060 4519 tamen
1080 4454 1182 4548 capite
1195 4465 1231 4517 nt
1246 4453 1352 4520 conti-
1390 4445 1392 4450 ’

106 4573 206 4624 nerem
228 4581 297 4638 me,
321 4583 449 4628 necesse
470 4563 550 4639 tntu
585 4586 689 4649 neque
717 4567 800 4631 enm
823 4565 930 4631 omnia
951 4567 1067 4634 licebat
1089 4567 1257 4652 amplecti,
1292 4565 1353 4631 nisi

106 4663 135 4728 in
153 4669 197 4735 bia
219 4673 395 4739 consistere
416 4676 649 4754 decrevissem
680 4699 801 4763 neque,
832 4679 926 4745 verbi
948 4700 1062 4759 carisa,
1093 4680 1185 4746 locus
1208 4679 1260 4744 hic
1281 4689 1351 4743 erat

105 4777 199 4850 denuo
221 4771 405 4854 ordinindis
427 4789 531 4854 Fastis
562 4789 817 4869 Consularibus,
856 4813 951 4877 qnam
980 4791 1173 4857 utilissimam
1205 4812 1348 4876 operam,
1388 4863 1392 4870 ,
