3264 5410
425 531 429 538 .
547 477 819 538 uemunuutcn
839 431 918 536 nn.¹
1297 483 1355 544 tot

105 607 177 664 lucr-i
200 605 295 665 luciut.
332 609 426 682 Longe
450 607 533 664 ilium
552 613 611 664 eiut
633 613 768 664 tationem
794 607 853 663 iore
877 625 1056 684 conceperam
1081 615 1186 668 unituo.
1225 611 1278 666 Sed
1298 609 1356 664 lor-

105 718 180 761 tuotc
199 703 242 756 'iu
268 707 324 758 into
351 708 409 776 ipte
435 701 546 770 uidisti,
577 719 662 775 euque
682 721 732 774 ego
747 701 853 776 iruetru
872 703 939 765 Tibi
958 719 1049 760 norro.
1088 705 1170 773 vnio,
1198 706 1247 760 vir
1268 705 1355 762 celeb.

107 813 135 854 et
154 798 225 852 milti
246 795 336 852 luten
356 815 447 872 perge.
486 797 592 871 Scripsi
612 794 684 870 prid.
704 795 768 851 liei.
789 795 867 872 Sept.

1464 672 1471 708 l

667 1197 768 1300 vx11.

329 1385 422 1444 Viro
448 1385 704 1445 celeberr-into
733 1399 844 1466 nique
869 1388 1138 1448 eruditissimo

174 1497 413 1564 1onnn1
458 1493 1292 1606 cnspnnonncunuvcmo

641 1621 676 1682 S.
715 1623 750 1680 P.
791 1622 829 1681 Ι).

548 1739 601 1788 ιο.
633 1741 714 1788 tto.
745 1741 916 1789 nutent.

187 1945 408 2000 communicavit
427 1961 514 2020 nuper
534 1963 644 2000 mecum
664 1945 859 2002 celeberrimo·
880 1945 1006 2019 Ktppiut
1025 1959 1119 1998 notter
1137 1943 1248 2009 literne,
1277 1943 1363 2012 uie,

111 2039 155 2092 tir
176 2035 360 2108 laudatissimi
385 2041 523 2106 nominit,
551 2055 615 2094 unte
632 2039 777 2093 biennium
803 2037 860 2094 lere
883 2037 917 2092 ud
936 2039 979 2093 Ci.
1001 2041 1145 2092 Leirhium
1165 2053 1305 2106 exuratur,
1332 2041 1363 2092 in

110 2129 211 2203 quibui
230 2131 404 2185 veliementer
424 2131 552 2188 udtereut
572 2143 728 2200 ductorem,
756 2133 821 2187 Tibi
849 2147 914 2188 tono
932 2137 1066 2206 temporie
1086 2137 1258 2204 ignoratum,
1286 2147 1362 2186 nuno
1396 2134 1401 2148 '

110 2241 206 2280 eutem
225 2241 339 2292 notum,
364 2230 533 2280 recensionis
553 2227 742 2301 Epietolurum
764 2228 1028 2301 Epigrppiticurutn,
1052 2241 1121 2298 quoe
1140 2231 1171 2280 iu
1189 2223 1284 2280 libello
1302 2241 1363 2278 vet-

110 2319 223 2386 nitoulo,
242 2319 675 2398 zemertqerrtgrrvartrtritm,
696 2319 811 2394 prodiit,
830 2322 968 2376 inveherit
987 2335 1171 2394 mugitumque
1185 2323 1244 2392 lpol
1258 2318 1364 2374 meluit

111 2417 239 2468 minutio.
277 2414 343 2486 Legi
363 2431 471 2486 quoquo
491 2419 630 2488 epecioten
650 2417 704 2468 iiiit
724 2413 813 2468 literis
834 2411 972 2470 adiectum
993 2413 1187 2479 refutationis,
1206 2411 1279 2484 quod
1298 2429 1363 2486 pro-

111 2508 197 2562 liruut
216 2507 295 2562 illum
314 2523 342 2562 et
361 2524 507 2582 operoetm
525 2524 553 2562 et
572 2507 690 2564 culidem
716 2506 775 2562 iore
802 2507 905 2582 prodit.
942 2509 1014 2562 Novi
1033 2525 1143 2581 quoque
1162 2505 1274 2562 tendum
1296 2506 1363 2560 Tibi

111 2620 170 2657 nou
194 2601 298 2668 latere,
329 2607 496 2657 recensioni·
522 2603 614 2671 illiue,
645 2617 715 2676 quoe
739 2601 825 2656 bilem
849 2601 918 2658 odeo
936 2601 1002 2658 Tibi
1026 2606 1125 2670 mouit,
1159 2617 1203 2656 mo
1224 2615 1363 2656 ouotorem
1435 2629 1437 2634 ·

112 2714 183 2752 etue.
222 2699 356 2770 Quinquit
383 2695 411 2750 id
437 2695 471 2750 td
492 2697 549 2766 Te,
576 2703 633 2752 tite
653 2698 718 2752 hino
737 2696 848 2772 Lipeiu,
878 2701 935 2750 eive
955 2713 971 2749 u
988 2696 1103 2770 Belgio,
1132 2693 1268 2761 retulerit,
1300 2707 1363 2748 veru

113 2791 219 2846 tetulit.
258 2791 391 2846 Cautum
419 2792 486 2846 hinc
505 2806 532 2846 et
555 2807 745 2866 urguruentum
772 2791 807 2844 ud
833 2793 899 2858 Te,
925 2795 966 2845 vit·
995 2790 1192 2860 celeberrime,
1222 2787 1364 2844 scribendi
1402 2831 1403 2844 r

113 2889 237 2959 tumpel,
268 2891 429 2956 veniamque
454 2901 470 2937 a
496 2885 536 2940 'i'e
562 2903 656 2939 eorum
682 2884 814 2958 rogandi,
847 2901 916 2957 quoe
941 2885 1009 2938 mihi
1035 2882 1107 2938 forte
1129 2883 1288 2938 exciderunt
1306 2901 1364 2936 nou

113 2977 344 3034 animadvertenti
363 2979 467 3053 gloriae
488 2994 550 3033 tuoe
571 2983 681 3034 iniuria.
720 2981 787 3034 Pott
806 2977 950 3044 nodutum,
978 2983 1025 3049 qui
1046 2996 1090 3032 me
1112 2993 1177 3032 tuuc
1196 2972 1368 3032 scribentem

111 3073 241 3142 tenebat,
258 3069 393 3128 lentorem
411 3071 554 3147 intelligo,
573 3077 695 3147 potuitre
715 3071 851 3144 quaedum
868 3070 1055 3137 dietimuitri,
1074 3071 1128 3124 ulia
1147 3075 1241 3124 mitiut
1261 3071 1366 3138 eiierri,

113 3165 234 3242 denique
261 3183 307 3222 tuo
336 3165 443 3241 ltptum
474 3168 539 3222 hinc
569 3167 648 3221 illinc
676 3165 763 3222 iniere
792 3171 922 3232 iutcitiu,
954 3179 1001 3219 out
1026 3167 1268 3238 praecipitatione.
1308 3165 1366 3219 Tot

112 3275 206 3316 nutem
231 3277 280 3328 eu,
312 3274 340 3314 et
365 3274 424 3316 tunt
447 3265 540 3334 gretie
566 3277 593 3316 et
614 3258 727 3338 indigno
749 3277 824 3329 ene,
856 3275 938 3332 utque
957 3275 987 3334 tu
1006 3263 1164 3326 exierimus,
1195 3262 1240 3312 rit
1259 3273 1366 3332 putem.
1397 3293 1403 3302 ·

114 3353 149 3410 in
165 3371 200 3410 eo
219 3371 296 3409 cetto
316 3357 417 3409 certine
437 3352 556 3422 iulierit,
575 3370 602 3409 et
623 3369 683 3409 toto
704 3354 782 3408 cneio
801 3369 817 3407 a
837 3371 901 3408 vero
922 3351 1003 3421 ubet,
1025 3358 1048 3408 ei
1068 3358 1149 3427 pu‘tue
1169 3349 1271 3428 (tudio
1288 3357 1366 3406 enin

113 3465 144 3504 to
162 3445 278 3524 putueo)
300 3464 345 3503 me
364 3447 399 3501 dr
419 3448 552 3503 lieitetiit
573 3447 623 3502 tibi
643 3447 713 3502 mule
733 3447 909 3522 cupientibut
930 3447 1112 3501 subornatum
1130 3462 1200 3500 eote.
1231 3447 1367 3500 iniurium

114 3559 143 3598 et
168 3545 236 3597 milti
262 3541 345 3609 lucit,
377 3557 406 3596 et
432 3545 487 3596 tuit
513 3540 619 3596 civibus
646 3558 702 3596 tom
728 3546 823 3613 iniqua
844 3546 978 3615 coepitio.
1017 3541 1122 3614 Nempe
1141 3557 1198 3606 uon
1218 3545 1293 3595 noeti
1312 3557 1368 3608 me,

115 3641 162 3692 cul
181 3655 269 3711 neque
288 3635 393 3692 venolio
412 3635 552 3704 calamus,
578 3653 666 3708 nequo
686 3641 793 3690 animno
816 3633 949 3690 lactineo·
969 3651 1021 3688 eit.
1060 3637 1157 3690 Amori
1176 3634 1291 3702 odiove,
1318 3649 1368 3708 pa-

115 3749 178 3786 rum
195 3735 279 3798 nteit,
306 3728 402 3785 inditio
423 3733 536 3784 omnino
554 3729 626 3782 nihil
646 3729 748 3784 tribuo.
787 3727 882 3784 Laudo
903 3728 946 3783 vel
972 3733 1088 3802 luipolt
1110 3733 1247 3796 inimicit,
1275 3731 1366 3800 siqui

115 3825 187 3878 milti
206 3840 287 3891 tunt,
316 3823 365 3878 ted
384 3839 447 3878 tunt
466 3813 570 3897 oppido
588 3828 685 3897 pauci,
718 3839 745 3878 et
767 3823 939 3898 reprehendo
964 3827 994 3877 in
1013 3827 1126 3890 amicit,
1155 3839 1237 3896 quot,
1267 3820 1369 3878 suctio-

27 3937 33 3950 ·
115 3936 183 3972 num
201 3933 280 3985 otor,
309 3934 367 3970 uon
386 3933 450 3970 tene
469 3917 572 3970 multoe
592 3917 697 3983 habeo,
725 3933 794 3990 quue
821 3922 921 3972 mereri
945 3915 1038 3971 laudet
1058 3932 1106 3971 uut
1124 3917 1367 3991 reprebentiouem

115 4010 260 4076 uidentur,
294 4014 455 4082 praesertim
482 4015 509 4063 in
539 4010 650 4084 publico
673 4011 745 4063 loco.
785 3993 925 4082 intelliget
944 4012 1024 4064 lruiut
1046 4016 1101 4063 mei
1121 4017 1207 4064 morit
1228 4016 1368 4064 rationem

115 4124 151 4159 ex
176 4109 227 4170 iir,
258 4121 328 4177 quae
352 4123 440 4178 nuper
464 4101 499 4158 ud
520 4109 673 4178 arrogantie
694 4105 758 4158 ituii
778 4105 907 4160 Carmeiii
933 4121 1019 4177 ungue
1040 4109 1069 4157 iu
1089 4107 1167 4160 Actio
1186 4103 1367 4160 Eruditorutn

114 4197 257 4274 retpoudi.
296 4195 438 4270 Quidquid
465 4201 493 4250 ln
520 4197 790 4252 commendationem
818 4213 909 4264 tuum,
942 4213 988 4252 eut
1013 4215 1109 4266 neuun,
1141 4197 1252 4270 dixero,
1282 4199 1368 4266 domi,

115 4292 214 4362 crode,
232 4307 329 4348 nutum
349 4287 419 4358 intr,
439 4309 496 4345 nou
515 4289 625 4345 aliunde
644 4289 803 4354 eubditum;
826 4295 950 4347 veritutit
971 4309 1065 4360 umor,
1084 4311 1141 4346 nou
1161 4295 1249 4348 animi
1269 4299 1366 4348 uitium

115 4385 244 4462 uliquod,
273 4401 353 4440 ome
372 4389 463 4458 exegit
482 4397 510 4438 et
530 4389 696 4458 impetrauit.
733 4387 903 4442 Perturienti
933 4385 1037 4454 (reddo
1056 4385 1124 4440 Tibi
1143 4404 1239 4442 vocem
1257 4388 1366 4456 Tuum)

115 4499 201 4536 nemo
220 4482 291 4535 milri
310 4478 418 4534 udttitit
437 4476 579 4533 Helvetiuo
598 4455 719 4542 Suxoeet
750 4477 784 4533 do
803 4479 924 4534 coneilio
943 4495 1022 4546 tneo,
1049 4495 1198 4554 uutequttn
1223 4497 1368 4536 eueoutut

116 4575 247 4643 luieeetn,
274 4591 355 4628 nemo
375 4577 451 4627 vivut
471 4587 630 4627 mortuusve
648 4579 736 4628 norit.
774 4573 808 4629 id
827 4589 922 4630 toucte
947 4575 998 4628 tibi
1018 4572 1140 4645 affirmo,
1169 4591 1270 4648 etque,
1296 4591 1367 4648 queo

115 4676 207 4734 eitum
226 4668 373 4723 honestum
393 4663 492 4734 decet,
511 4663 573 4723 fide.
607 4666 814 4723 iiefutatiouem
833 4668 913 4724 edere
933 4674 956 4724 ti
978 4673 1122 4738 inttituec,
1140 4669 1262 4742 (moliris
1282 4675 1367 4735 enim,

118 4780 151 4820 ut
174 4762 247 4818 iant
276 4759 349 4836 lert)
380 4779 438 4816 uon
466 4758 624 4830 intercedo,
654 4780 711 4818 uon
739 4761 883 4836 deprecor.
921 4764 1018 4819 Liceat
1046 4763 1099 4818 tibi
1127 4779 1171 4818 ute
1199 4767 1368 4818 nominatim

118 4855 240 4934 ewedt.
280 4854 334 4912 Sed
353 4852 382 4912 id
401 4853 482 4911 velim
503 4855 555 4910 tiit
574 4855 683 4912 dictum
709 4855 810 4914 habear
835 4863 1045 4936 monitumque,
1074 4858 1282 4936 quibutotutquo
1308 4873 1368 4918 tto·
